<?xml version="1.0" encoding="UTF-8"?>
<!DOCTYPE html PUBLIC "-//W3C//DTD XHTML 1.0 Transitional//EN"
    "http://www.w3.org/TR/xhtml1/DTD/xhtml1-transitional.dtd">
<html xmlns="http://www.w3.org/1999/xhtml" xml:lang="en" lang="en">
 <head>
  <title>
</title>
<meta http-equiv="Content-Type" content="text/html;charset=utf-8" />
  <meta name='ocr-system' content='tesseract 3.04.00' />
  <meta name='ocr-capabilities' content='ocr_page ocr_carea ocr_par ocr_line ocrx_word'/>
</head>
<body>
  <div class='ocr_page' id='page_1' title='image "./operaomniagraec00arisgoog_0019.png"; bbox 0 0 2856 5024; ppageno 0'>
   <div class='ocr_carea' id='block_1_1' title="bbox 359 419 1089 500">
    <p class='ocr_par' dir='ltr' id='par_1_1' title="bbox 359 419 1089 500">
     <span class='ocr_line' id='line_1_1' title="bbox 359 419 1089 500; baseline -0.003 -2"><span class='ocrx_word' id='word_1_1' title='bbox 359 419 840 500; x_wconf 63' lang='lat' dir='ltr'><strong>Pararrrrff</strong></span> <span class='ocrx_word' id='word_1_2' title='bbox 1039 441 1089 496; x_wconf 85' lang='lat' dir='ltr'><strong>xt</strong></span> 
     </span>
    </p>
   </div>
   <div class='ocr_carea' id='block_1_2' title="bbox 91 568 1194 3012">
    <p class='ocr_par' dir='ltr' id='par_1_2' title="bbox 91 568 1194 3012">
     <span class='ocr_line' id='line_1_2' title="bbox 139 568 1091 684; baseline -0.007 -21"><span class='ocrx_word' id='word_1_3' title='bbox 139 609 206 664; x_wconf 84' lang='lat' dir='ltr'><strong>rtur</strong></span> <span class='ocrx_word' id='word_1_4' title='bbox 224 585 403 684; x_wconf 79' lang='lat' dir='ltr'><strong>decerpfir.</strong></span> <span class='ocrx_word' id='word_1_5' title='bbox 422 593 647 664; x_wconf 82' lang='lat' dir='ltr'><strong>Mentionem</strong></span> <span class='ocrx_word' id='word_1_6' title='bbox 667 568 821 681; x_wconf 78' lang='lat' dir='ltr'><strong>quidem</strong></span> <span class='ocrx_word' id='word_1_7' title='bbox 832 586 917 658; x_wconf 86' lang='lat' dir='ltr'><strong>fecit</strong></span> <span class='ocrx_word' id='word_1_8' title='bbox 929 588 972 658; x_wconf 88' lang='lat' dir='ltr'><strong>in</strong></span> <span class='ocrx_word' id='word_1_9' title='bbox 987 610 1091 681; x_wconf 81' lang='lat' dir='ltr'><strong>prae-</strong></span> 
     </span>
     <span class='ocr_line' id='line_1_3' title="bbox 140 684 1087 780; baseline -0.007 -20"><span class='ocrx_word' id='word_1_10' title='bbox 140 690 273 760; x_wconf 83' lang='lat' dir='ltr'><strong>fatione</strong></span> <span class='ocrx_word' id='word_1_11' title='bbox 297 689 413 760; x_wconf 88' lang='lat' dir='ltr'><strong>Codd.</strong></span> <span class='ocrx_word' id='word_1_12' title='bbox 441 687 473 760; x_wconf 82' lang='lat' dir='ltr'><strong>8c</strong></span> <span class='ocrx_word' id='word_1_13' title='bbox 500 690 598 760; x_wconf 62' lang='lat' dir='ltr'><strong>edd„</strong></span> <span class='ocrx_word' id='word_1_14' title='bbox 613 686 834 780; x_wconf 81' lang='lat' dir='ltr'><strong>quarundam</strong></span> <span class='ocrx_word' id='word_1_15' title='bbox 860 709 879 755; x_wconf 86' lang='lat' dir='ltr'><strong>a</strong></span> <span class='ocrx_word' id='word_1_16' title='bbox 904 684 938 758; x_wconf 90' lang='lat' dir='ltr'><strong>se</strong></span> <span class='ocrx_word' id='word_1_17' title='bbox 965 685 1087 756; x_wconf 91' lang='lat' dir='ltr'><strong>denuo</strong></span> 
     </span>
     <span class='ocr_line' id='line_1_4' title="bbox 140 782 1088 882; baseline -0.012 -22"><span class='ocrx_word' id='word_1_18' title='bbox 140 790 366 864; x_wconf 66' lang='lat' dir='ltr'><strong>collatarum</strong></span> <span class='ocrx_word' id='word_1_19' title='bbox 395 808 521 858; x_wconf 84' lang='lat' dir='ltr'><strong>verum</strong></span> <span class='ocrx_word' id='word_1_20' title='bbox 545 803 718 882; x_wconf 85' lang='lat' dir='ltr'><strong>perpauca</strong></span> <span class='ocrx_word' id='word_1_21' title='bbox 743 782 878 854; x_wconf 83' lang='lat' dir='ltr'><strong>offendi</strong></span> <span class='ocrx_word' id='word_1_22' title='bbox 897 809 919 854; x_wconf 83' lang='lat' dir='ltr'><strong>a</strong></span> <span class='ocrx_word' id='word_1_23' title='bbox 942 783 1088 878; x_wconf 85' lang='lat' dir='ltr'><strong>vulgato</strong></span> 
     </span>
     <span class='ocr_line' id='line_1_5' title="bbox 141 879 1089 978; baseline -0.008 -24"><span class='ocrx_word' id='word_1_24' title='bbox 141 901 244 954; x_wconf 86' lang='lat' dir='ltr'><strong>textu</strong></span> <span class='ocrx_word' id='word_1_25' title='bbox 281 884 534 978; x_wconf 85' lang='lat' dir='ltr'>discrepantia,</span> <span class='ocrx_word' id='word_1_26' title='bbox 566 907 657 976; x_wconf 88' lang='lat' dir='ltr'><strong>quae</strong></span> <span class='ocrx_word' id='word_1_27' title='bbox 687 879 827 951; x_wconf 73' lang='lat' dir='ltr'><strong>forsitan</strong></span> <span class='ocrx_word' id='word_1_28' title='bbox 857 880 915 950; x_wconf 83' lang='lat' dir='ltr'><strong>ista</strong></span> <span class='ocrx_word' id='word_1_29' title='bbox 946 879 1089 950; x_wconf 84' lang='lat' dir='ltr'><strong>collatio</strong></span> 
     </span>
     <span class='ocr_line' id='line_1_6' title="bbox 140 977 1091 1076; baseline -0.007 -25"><span class='ocrx_word' id='word_1_30' title='bbox 140 977 338 1076; x_wconf 82' lang='lat' dir='ltr'><strong>pepererit,</strong></span> <span class='ocrx_word' id='word_1_31' title='bbox 371 1003 492 1073; x_wconf 90' lang='lat' dir='ltr'><strong>neque</strong></span> <span class='ocrx_word' id='word_1_32' title='bbox 524 981 576 1050; x_wconf 80' lang='lat' dir='ltr'><strong>lris</strong></span> <span class='ocrx_word' id='word_1_33' title='bbox 608 978 771 1050; x_wconf 86' lang='lat' dir='ltr'><strong>additum</strong></span> <span class='ocrx_word' id='word_1_34' title='bbox 808 978 882 1064; x_wconf 86' lang='lat' dir='ltr'><strong>est,</strong></span> <span class='ocrx_word' id='word_1_35' title='bbox 913 993 1037 1048; x_wconf 85' lang='lat' dir='ltr'><strong>utrum</strong></span> <span class='ocrx_word' id='word_1_36' title='bbox 1069 999 1091 1044; x_wconf 89' lang='lat' dir='ltr'><strong>e</strong></span> 
     </span>
     <span class='ocr_line' id='line_1_7' title="bbox 142 1073 1092 1148; baseline -0.006 0"><span class='ocrx_word' id='word_1_37' title='bbox 142 1078 260 1148; x_wconf 93' lang='lat' dir='ltr'><strong>Codd.</strong></span> <span class='ocrx_word' id='word_1_38' title='bbox 285 1101 330 1147; x_wconf 91' lang='lat' dir='ltr'><strong>an</strong></span> <span class='ocrx_word' id='word_1_39' title='bbox 344 1077 437 1148; x_wconf 72' lang='lat' dir='ltr'><strong>edd.</strong></span> <span class='ocrx_word' id='word_1_40' title='bbox 460 1077 637 1148; x_wconf 75' lang='lat' dir='ltr'><strong>fluxerint„</strong></span> <span class='ocrx_word' id='word_1_41' title='bbox 661 1073 872 1144; x_wconf 84' lang='lat' dir='ltr'><strong>Emendavit</strong></span> <span class='ocrx_word' id='word_1_42' title='bbox 890 1089 1010 1144; x_wconf 87' lang='lat' dir='ltr'><strong>autem</strong></span> <span class='ocrx_word' id='word_1_43' title='bbox 1034 1074 1092 1142; x_wconf 85' lang='lat' dir='ltr'><strong>in-</strong></span> 
     </span>
     <span class='ocr_line' id='line_1_8' title="bbox 142 1170 1090 1270; baseline -0.005 -27"><span class='ocrx_word' id='word_1_44' title='bbox 142 1175 347 1268; x_wconf 76' lang='lat' dir='ltr'><strong>scriptiones</strong></span> <span class='ocrx_word' id='word_1_45' title='bbox 374 1175 513 1270; x_wconf 73' lang='lat' dir='ltr'><strong>lingulis</strong></span> <span class='ocrx_word' id='word_1_46' title='bbox 540 1173 713 1266; x_wconf 88' lang='lat' dir='ltr'><strong>capitibur</strong></span> <span class='ocrx_word' id='word_1_47' title='bbox 737 1171 933 1265; x_wconf 74' lang='lat' dir='ltr'><strong>impositae,</strong></span> <span class='ocrx_word' id='word_1_48' title='bbox 956 1170 1090 1262; x_wconf 79' lang='lat' dir='ltr'><strong>quibus</strong></span> 
     </span>
     <span class='ocr_line' id='line_1_9' title="bbox 144 1267 1092 1366; baseline -0.008 -22"><span class='ocrx_word' id='word_1_49' title='bbox 144 1269 177 1344; x_wconf 69' lang='lat'><strong>80</strong></span> <span class='ocrx_word' id='word_1_50' title='bbox 195 1273 327 1342; x_wconf 88' lang='lat' dir='ltr'><strong>Graece</strong></span> <span class='ocrx_word' id='word_1_51' title='bbox 346 1271 377 1342; x_wconf 74' lang='lat' dir='ltr'><strong>Sc</strong></span> <span class='ocrx_word' id='word_1_52' title='bbox 396 1271 519 1342; x_wconf 87' lang='lat' dir='ltr'><strong>Latine</strong></span> <span class='ocrx_word' id='word_1_53' title='bbox 544 1271 675 1340; x_wconf 90' lang='lat' dir='ltr'><strong>horum</strong></span> <span class='ocrx_word' id='word_1_54' title='bbox 697 1286 947 1366; x_wconf 79' lang='lat' dir='ltr'><strong>argumentum</strong></span> <span class='ocrx_word' id='word_1_55' title='bbox 974 1267 1092 1337; x_wconf 87' lang='lat' dir='ltr'><strong>brevi-</strong></span> 
     </span>
     <span class='ocr_line' id='line_1_10' title="bbox 142 1364 1091 1460; baseline -0.005 -21"><span class='ocrx_word' id='word_1_56' title='bbox 142 1387 197 1439; x_wconf 87' lang='lat' dir='ltr'><strong>ter</strong></span> <span class='ocrx_word' id='word_1_57' title='bbox 223 1369 400 1444; x_wconf 87' lang='lat' dir='ltr'><strong>innuitur;</strong></span> <span class='ocrx_word' id='word_1_58' title='bbox 428 1391 514 1460; x_wconf 82' lang='lat' dir='ltr'><strong>quas</strong></span> <span class='ocrx_word' id='word_1_59' title='bbox 542 1367 713 1460; x_wconf 85' lang='lat' dir='ltr'><strong>equidem</strong></span> <span class='ocrx_word' id='word_1_60' title='bbox 737 1389 781 1436; x_wconf 85' lang='lat' dir='ltr'><strong>ex</strong></span> <span class='ocrx_word' id='word_1_61' title='bbox 808 1368 883 1436; x_wconf 77' lang='lat' dir='ltr'><strong>eius·</strong></span> <span class='ocrx_word' id='word_1_62' title='bbox 913 1364 1091 1448; x_wconf 84' lang='lat' dir='ltr'><strong>editione,</strong></span> 
     </span>
     <span class='ocr_line' id='line_1_11' title="bbox 142 1457 1091 1549; baseline -0.005 -13"><span class='ocrx_word' id='word_1_63' title='bbox 142 1467 325 1536; x_wconf 80' lang='lat' dir='ltr'><strong>nonnullis</strong></span> <span class='ocrx_word' id='word_1_64' title='bbox 349 1465 542 1536; x_wconf 80' lang='lat' dir='ltr'><strong>reformatis</strong></span> <span class='ocrx_word' id='word_1_65' title='bbox 566 1479 630 1535; x_wconf 86' lang='lat' dir='ltr'><strong>aut</strong></span> <span class='ocrx_word' id='word_1_66' title='bbox 649 1457 808 1549; x_wconf 66' lang='lat' dir='ltr'><strong>refelle,</strong></span> <span class='ocrx_word' id='word_1_67' title='bbox 832 1465 869 1532; x_wconf 91' lang='lat' dir='ltr'><strong>in</strong></span> <span class='ocrx_word' id='word_1_68' title='bbox 894 1461 1091 1533; x_wconf 85' lang='lat' dir='ltr'><strong>editionem</strong></span> 
     </span>
     <span class='ocr_line' id='line_1_12' title="bbox 144 1563 1194 1648; baseline -0.004 -16"><span class='ocrx_word' id='word_1_69' title='bbox 144 1582 261 1632; x_wconf 86' lang='lat' dir='ltr'><strong>meam</strong></span> <span class='ocrx_word' id='word_1_70' title='bbox 284 1563 450 1632; x_wconf 75' lang='lat' dir='ltr'><strong>transtuli.</strong></span> <span class='ocrx_word' id='word_1_71' title='bbox 621 1634 626 1643; x_wconf 66' lang='grc'><em>,</em></span> <span class='ocrx_word' id='word_1_72' title='bbox 790 1565 798 1576; x_wconf 79' lang='lat'><em>‘</em></span> <span class='ocrx_word' id='word_1_73' title='bbox 981 1578 983 1584; x_wconf 83' lang='lat'>&#39;</span> <span class='ocrx_word' id='word_1_74' title='bbox 1179 1622 1194 1648; x_wconf 59' lang='lat'><strong>,</strong></span> 
     </span>
     <span class='ocr_line' id='line_1_13' title="bbox 218 1657 1093 1757; baseline -0.006 -27"><span class='ocrx_word' id='word_1_75' title='bbox 218 1659 378 1757; x_wconf 84' lang='lat' dir='ltr'><strong>Vulgaris</strong></span> <span class='ocrx_word' id='word_1_76' title='bbox 401 1661 448 1729; x_wconf 80' lang='lat' dir='ltr'><strong>esi</strong></span> <span class='ocrx_word' id='word_1_77' title='bbox 469 1658 613 1753; x_wconf 78' lang='lat' dir='ltr'><strong>opinio,</strong></span> <span class='ocrx_word' id='word_1_78' title='bbox 635 1681 727 1750; x_wconf 86' lang='lat' dir='ltr'><strong>quae</strong></span> <span class='ocrx_word' id='word_1_79' title='bbox 750 1681 808 1728; x_wconf 88' lang='lat' dir='ltr'><strong>me</strong></span> <span class='ocrx_word' id='word_1_80' title='bbox 833 1657 970 1750; x_wconf 88' lang='lat' dir='ltr'><strong>ipsum,</strong></span> <span class='ocrx_word' id='word_1_81' title='bbox 993 1671 1093 1726; x_wconf 87' lang='lat' dir='ltr'><strong>ante-</strong></span> 
     </span>
     <span class='ocr_line' id='line_1_14' title="bbox 145 1753 1092 1848; baseline -0.006 -22"><span class='ocrx_word' id='word_1_82' title='bbox 145 1777 256 1847; x_wconf 88' lang='lat' dir='ltr'><strong>quam</strong></span> <span class='ocrx_word' id='word_1_83' title='bbox 274 1757 310 1826; x_wconf 88' lang='lat' dir='ltr'><strong>in</strong></span> <span class='ocrx_word' id='word_1_84' title='bbox 325 1755 489 1826; x_wconf 80' lang='lat' dir='ltr'><strong>editionis</strong></span> <span class='ocrx_word' id='word_1_85' title='bbox 507 1755 737 1826; x_wconf 80' lang='lat' dir='ltr'><strong>Duvellianae</strong></span> <span class='ocrx_word' id='word_1_86' title='bbox 759 1754 918 1826; x_wconf 81' lang='lat' dir='ltr'><strong>indolem</strong></span> <span class='ocrx_word' id='word_1_87' title='bbox 937 1753 1092 1848; x_wconf 86' lang='lat' dir='ltr'><strong>penitius</strong></span> 
     </span>
     <span class='ocr_line' id='line_1_15' title="bbox 144 1850 1094 1946; baseline -0.011 -19"><span class='ocrx_word' id='word_1_88' title='bbox 144 1853 383 1946; x_wconf 85' lang='lat' dir='ltr'><strong>inquirerem,</strong></span> <span class='ocrx_word' id='word_1_89' title='bbox 397 1853 458 1924; x_wconf 88' lang='lat' dir='ltr'><strong>diu</strong></span> <span class='ocrx_word' id='word_1_90' title='bbox 483 1851 817 1946; x_wconf 85' lang='lat' dir='ltr'><strong>decepir,secutum</strong></span> <span class='ocrx_word' id='word_1_91' title='bbox 842 1850 906 1922; x_wconf 88' lang='lat' dir='ltr'><strong>elle</strong></span> <span class='ocrx_word' id='word_1_92' title='bbox 927 1852 965 1922; x_wconf 91' lang='lat' dir='ltr'><strong>in</strong></span> <span class='ocrx_word' id='word_1_93' title='bbox 985 1851 1094 1944; x_wconf 87' lang='lat' dir='ltr'><strong>pluri-</strong></span> 
     </span>
     <span class='ocr_line' id='line_1_16' title="bbox 144 1947 1092 2034; baseline -0.004 -14"><span class='ocrx_word' id='word_1_94' title='bbox 144 1953 211 2020; x_wconf 87' lang='lat' dir='ltr'><strong>mia</strong></span> <span class='ocrx_word' id='word_1_95' title='bbox 226 1949 433 2020; x_wconf 85' lang='lat' dir='ltr'><strong>Duvallium</strong></span> <span class='ocrx_word' id='word_1_96' title='bbox 451 1967 594 2020; x_wconf 85' lang='lat' dir='ltr'><strong>textum</strong></span> <span class='ocrx_word' id='word_1_97' title='bbox 611 1949 934 2034; x_wconf 85' lang='lat' dir='ltr'><strong>Casaubonianum‚</strong></span> <span class='ocrx_word' id='word_1_98' title='bbox 950 1947 1092 2019; x_wconf 82' lang='lat' dir='ltr'><strong>mutatis</strong></span> 
     </span>
     <span class='ocr_line' id='line_1_17' title="bbox 145 2045 1095 2143; baseline -0.004 -26"><span class='ocrx_word' id='word_1_99' title='bbox 145 2047 267 2141; x_wconf 86' lang='lat' dir='ltr'><strong>pallrm</strong></span> <span class='ocrx_word' id='word_1_100' title='bbox 288 2047 321 2116; x_wconf 74' lang='lat' dir='ltr'><strong>sc</strong></span> <span class='ocrx_word' id='word_1_101' title='bbox 346 2047 540 2119; x_wconf 78' lang='lat' dir='ltr'><strong>emendatis</strong></span> <span class='ocrx_word' id='word_1_102' title='bbox 565 2047 706 2143; x_wconf 76' lang='lat' dir='ltr'><strong>singulis</strong></span> <span class='ocrx_word' id='word_1_103' title='bbox 728 2045 832 2131; x_wconf 82' lang='lat' dir='ltr'><strong>locis,</strong></span> <span class='ocrx_word' id='word_1_104' title='bbox 854 2045 964 2116; x_wconf 79' lang='lat' dir='ltr'><strong>sicubi</strong></span> <span class='ocrx_word' id='word_1_105' title='bbox 986 2064 1095 2114; x_wconf 88' lang='lat' dir='ltr'><strong>notae</strong></span> 
     </span>
     <span class='ocr_line' id='line_1_18' title="bbox 145 2141 1096 2240; baseline -0.005 -26"><span class='ocrx_word' id='word_1_106' title='bbox 145 2143 346 2214; x_wconf 79' lang='lat' dir='ltr'><strong>Casruboni</strong></span> <span class='ocrx_word' id='word_1_107' title='bbox 366 2144 570 2240; x_wconf 83' lang='lat' dir='ltr'><strong>marginales</strong></span> <span class='ocrx_word' id='word_1_108' title='bbox 593 2162 711 2238; x_wconf 85' lang='lat' dir='ltr'><strong>aperte</strong></span> <span class='ocrx_word' id='word_1_109' title='bbox 734 2143 880 2212; x_wconf 87' lang='lat' dir='ltr'><strong>meliora</strong></span> <span class='ocrx_word' id='word_1_110' title='bbox 896 2141 1096 2236; x_wconf 77' lang='lat' dir='ltr'><strong>proposuis-</strong></span> 
     </span>
     <span class='ocr_line' id='line_1_19' title="bbox 148 2239 1096 2337; baseline -0.003 -27"><span class='ocrx_word' id='word_1_111' title='bbox 148 2240 233 2310; x_wconf 89' lang='lat' dir='ltr'><strong>sent.</strong></span> <span class='ocrx_word' id='word_1_112' title='bbox 252 2239 393 2312; x_wconf 89' lang='lat' dir='ltr'><strong>Etenim</strong></span> <span class='ocrx_word' id='word_1_113' title='bbox 416 2243 580 2337; x_wconf 87' lang='lat' dir='ltr'><strong>gloriatur</strong></span> <span class='ocrx_word' id='word_1_114' title='bbox 597 2239 800 2327; x_wconf 84' lang='lat' dir='ltr'><strong>Duvalliua,</strong></span> <span class='ocrx_word' id='word_1_115' title='bbox 813 2239 847 2308; x_wconf 89' lang='lat' dir='ltr'><strong>se</strong></span> <span class='ocrx_word' id='word_1_116' title='bbox 861 2241 1000 2310; x_wconf 79' lang='lat' dir='ltr'><strong>teritum</strong></span> <span class='ocrx_word' id='word_1_117' title='bbox 1017 2240 1096 2308; x_wconf 77' lang='lat' dir='ltr'><strong>Ari-</strong></span> 
     </span>
     <span class='ocr_line' id='line_1_20' title="bbox 147 2337 1096 2434; baseline -0.003 -25"><span class='ocrx_word' id='word_1_118' title='bbox 147 2339 346 2409; x_wconf 86' lang='lat' dir='ltr'><strong>stotelicum</strong></span> <span class='ocrx_word' id='word_1_119' title='bbox 359 2365 429 2408; x_wconf 82' lang='lat' dir='ltr'><strong>recu</strong></span> <span class='ocrx_word' id='word_1_120' title='bbox 455 2337 588 2434; x_wconf 78' lang='lat' dir='ltr'><strong>noviffer</strong></span> <span class='ocrx_word' id='word_1_121' title='bbox 609 2338 714 2434; x_wconf 84' lang='lat' dir='ltr'><strong>igitur</strong></span> <span class='ocrx_word' id='word_1_122' title='bbox 731 2361 815 2408; x_wconf 89' lang='lat' dir='ltr'><strong>cum</strong></span> <span class='ocrx_word' id='word_1_123' title='bbox 831 2337 949 2406; x_wconf 80' lang='lat' dir='ltr'><strong>videas</strong></span> <span class='ocrx_word' id='word_1_124' title='bbox 968 2337 1096 2406; x_wconf 75' lang='lat' dir='ltr'><strong>versio-</strong></span> 
     </span>
     <span class='ocr_line' id='line_1_21' title="bbox 147 2365 1097 2534; baseline -0.005 -26"><span class='ocrx_word' id='word_1_125' title='bbox 147 2457 233 2508; x_wconf 87' lang='lat' dir='ltr'><strong>nem</strong></span> <span class='ocrx_word' id='word_1_126' title='bbox 257 2436 393 2534; x_wconf 88' lang='lat' dir='ltr'><strong>Organi</strong></span> <span class='ocrx_word' id='word_1_127' title='bbox 417 2365 599 2505; x_wconf 61' lang='lat' dir='ltr'><strong>sacrariam</strong></span> <span class='ocrx_word' id='word_1_128' title='bbox 623 2435 730 2504; x_wconf 86' lang='lat' dir='ltr'><strong>abeo</strong></span> <span class='ocrx_word' id='word_1_129' title='bbox 754 2434 964 2529; x_wconf 86' lang='lat' dir='ltr'><strong>repetitam,</strong></span> <span class='ocrx_word' id='word_1_130' title='bbox 984 2451 1097 2526; x_wconf 84' lang='lat' dir='ltr'><strong>quarn</strong></span> 
     </span>
     <span class='ocr_line' id='line_1_22' title="bbox 150 2530 1095 2623; baseline -0.003 -20"><span class='ocrx_word' id='word_1_131' title='bbox 150 2531 299 2604; x_wconf 80' lang='lat' dir='ltr'><strong>eandem</strong></span> <span class='ocrx_word' id='word_1_132' title='bbox 317 2532 515 2602; x_wconf 79' lang='lat' dir='ltr'><strong>Gasauboni</strong></span> <span class='ocrx_word' id='word_1_133' title='bbox 537 2530 647 2602; x_wconf 85' lang='lat' dir='ltr'><strong>editio</strong></span> <span class='ocrx_word' id='word_1_134' title='bbox 668 2531 791 2609; x_wconf 67' lang='lat' dir='ltr'><strong>haben</strong></span> <span class='ocrx_word' id='word_1_135' title='bbox 809 2555 893 2602; x_wconf 89' lang='lat' dir='ltr'><strong>cum</strong></span> <span class='ocrx_word' id='word_1_136' title='bbox 913 2555 1019 2623; x_wconf 86' lang='lat' dir='ltr'><strong>porro</strong></span> <span class='ocrx_word' id='word_1_137' title='bbox 1040 2556 1095 2600; x_wconf 85' lang='lat' dir='ltr'><strong>re·</strong></span> 
     </span>
     <span class='ocr_line' id='line_1_23' title="bbox 147 2627 1097 2726; baseline -0.003 -26"><span class='ocrx_word' id='word_1_138' title='bbox 147 2631 259 2724; x_wconf 81' lang='lat' dir='ltr'><strong>perias</strong></span> <span class='ocrx_word' id='word_1_139' title='bbox 275 2631 313 2698; x_wconf 89' lang='lat' dir='ltr'><strong>in</strong></span> <span class='ocrx_word' id='word_1_140' title='bbox 327 2630 483 2726; x_wconf 81' lang='lat' dir='ltr'><strong>margine</strong></span> <span class='ocrx_word' id='word_1_141' title='bbox 503 2646 602 2698; x_wconf 82' lang='lat' dir='ltr'><strong>notas</strong></span> <span class='ocrx_word' id='word_1_142' title='bbox 619 2629 785 2698; x_wconf 83' lang='lat' dir='ltr'><strong>criticaee</strong></span> <span class='ocrx_word' id='word_1_143' title='bbox 802 2629 957 2726; x_wconf 80' lang='lat' dir='ltr'><strong>margine</strong></span> <span class='ocrx_word' id='word_1_144' title='bbox 971 2627 1097 2698; x_wconf 83' lang='lat' dir='ltr'><strong>Casan·</strong></span> 
     </span>
     <span class='ocr_line' id='line_1_24' title="bbox 148 2720 1097 2818; baseline -0.003 -22"><span class='ocrx_word' id='word_1_145' title='bbox 148 2727 308 2796; x_wconf 86' lang='lat' dir='ltr'><strong>boniano</strong></span> <span class='ocrx_word' id='word_1_146' title='bbox 333 2727 549 2796; x_wconf 80' lang='lat' dir='ltr'><strong>verbotenus</strong></span> <span class='ocrx_word' id='word_1_147' title='bbox 567 2725 771 2818; x_wconf 79' lang='lat' dir='ltr'><strong>exscriptae,</strong></span> <span class='ocrx_word' id='word_1_148' title='bbox 794 2720 958 2796; x_wconf 70' lang='lat' dir='ltr'><strong>leslioner</strong></span> <span class='ocrx_word' id='word_1_149' title='bbox 975 2742 1097 2795; x_wconf 89' lang='lat' dir='ltr'><strong>autem</strong></span> 
     </span>
     <span class='ocr_line' id='line_1_25' title="bbox 152 2823 1095 2914; baseline -0.002 -22"><span class='ocrx_word' id='word_1_150' title='bbox 152 2823 338 2914; x_wconf 85' lang='lat' dir='ltr'><strong>quasdam,</strong></span> <span class='ocrx_word' id='word_1_151' title='bbox 352 2845 371 2892; x_wconf 86' lang='lat' dir='ltr'><strong>a</strong></span> <span class='ocrx_word' id='word_1_152' title='bbox 386 2823 593 2894; x_wconf 73' lang='lat' dir='ltr'><strong>Casaoborro</strong></span> <span class='ocrx_word' id='word_1_153' title='bbox 606 2823 645 2891; x_wconf 90' lang='lat' dir='ltr'><strong>in</strong></span> <span class='ocrx_word' id='word_1_154' title='bbox 658 2845 717 2892; x_wconf 89' lang='lat' dir='ltr'><strong>ora</strong></span> <span class='ocrx_word' id='word_1_155' title='bbox 735 2840 875 2894; x_wconf 83' lang='lat' dir='ltr'><strong>cantum</strong></span> <span class='ocrx_word' id='word_1_156' title='bbox 893 2839 1095 2907; x_wconf 76' lang='lat' dir='ltr'><strong>annotatae,</strong></span> 
     </span>
     <span class='ocr_line' id='line_1_26' title="bbox 91 2917 1096 3012; baseline -0.002 -24"><span class='ocrx_word' id='word_1_157' title='bbox 91 2931 95 2940; x_wconf 84' lang='grc'><em>’</em></span> <span class='ocrx_word' id='word_1_158' title='bbox 149 2919 188 2988; x_wconf 88' lang='lat' dir='ltr'><strong>in</strong></span> <span class='ocrx_word' id='word_1_159' title='bbox 213 2917 266 2989; x_wconf 90' lang='lat' dir='ltr'><strong>ed.</strong></span> <span class='ocrx_word' id='word_1_160' title='bbox 288 2917 430 2990; x_wconf 84' lang='lat' dir='ltr'><strong>Duvall.</strong></span> <span class='ocrx_word' id='word_1_161' title='bbox 453 2921 491 2988; x_wconf 91' lang='lat' dir='ltr'><strong>in</strong></span> <span class='ocrx_word' id='word_1_162' title='bbox 514 2937 615 2989; x_wconf 86' lang='lat' dir='ltr'><strong>textu</strong></span> <span class='ocrx_word' id='word_1_163' title='bbox 640 2917 714 3012; x_wconf 87' lang='lat' dir='ltr'><strong>ipso</strong></span> <span class='ocrx_word' id='word_1_164' title='bbox 741 2937 913 3012; x_wconf 81' lang='lat' dir='ltr'><strong>receptasr</strong></span> <span class='ocrx_word' id='word_1_165' title='bbox 939 2917 1096 3010; x_wconf 82' lang='lat' dir='ltr'><strong>denique</strong></span> 
     </span>
    </p>
   </div>
   <div class='ocr_carea' id='block_1_3' title="bbox 150 3016 1237 3110">
    <p class='ocr_par' dir='ltr' id='par_1_3' title="bbox 150 3016 1237 3110">
     <span class='ocr_line' id='line_1_27' title="bbox 150 3016 1237 3110; baseline 0.003 -25"><span class='ocrx_word' id='word_1_166' title='bbox 150 3041 235 3086; x_wconf 84' lang='lat' dir='ltr'><strong>cum</strong></span> <span class='ocrx_word' id='word_1_167' title='bbox 250 3016 425 3110; x_wconf 87' lang='lat' dir='ltr'><strong>Synopsrn</strong></span> <span class='ocrx_word' id='word_1_168' title='bbox 444 3016 600 3086; x_wconf 87' lang='lat' dir='ltr'><strong>Duvallii</strong></span> <span class='ocrx_word' id='word_1_169' title='bbox 619 3039 750 3086; x_wconf 84' lang='lat' dir='ltr'><strong>novam</strong></span> <span class='ocrx_word' id='word_1_170' title='bbox 772 3018 949 3087; x_wconf 87' lang='lat' dir='ltr'><strong>librorum</strong></span> <span class='ocrx_word' id='word_1_171' title='bbox 968 3016 1098 3085; x_wconf 84' lang='lat' dir='ltr'><strong>Aristo·</strong></span> <span class='ocrx_word' id='word_1_172' title='bbox 1118 3019 1119 3023; x_wconf 68' lang='grc'>’</span> <span class='ocrx_word' id='word_1_173' title='bbox 1172 3051 1174 3058; x_wconf 95' lang='grc'><strong><em>·</em></strong></span> <span class='ocrx_word' id='word_1_174' title='bbox 1199 3094 1204 3102; x_wconf 68' lang='lat'><strong>,</strong></span> <span class='ocrx_word' id='word_1_175' title='bbox 1232 3089 1237 3104; x_wconf 70' lang='grc'><em>,</em></span> 
     </span>
    </p>
   </div>
   <div class='ocr_carea' id='block_1_4' title="bbox 79 3113 1198 3888">
    <p class='ocr_par' dir='ltr' id='par_1_4' title="bbox 79 3113 1198 3888">
     <span class='ocr_line' id='line_1_28' title="bbox 150 3113 1177 3214; baseline 0.002 -33"><span class='ocrx_word' id='word_1_176' title='bbox 150 3113 227 3214; x_wconf 68' lang='lat' dir='ltr'><strong>nelis</strong></span> <span class='ocrx_word' id='word_1_177' title='bbox 250 3115 295 3184; x_wconf 86' lang='lat' dir='ltr'><strong>ab</strong></span> <span class='ocrx_word' id='word_1_178' title='bbox 318 3115 393 3206; x_wconf 88' lang='lat' dir='ltr'><strong>ipso</strong></span> <span class='ocrx_word' id='word_1_179' title='bbox 422 3131 522 3184; x_wconf 85' lang='lat' dir='ltr'><strong>tanto</strong></span> <span class='ocrx_word' id='word_1_180' title='bbox 546 3114 736 3206; x_wconf 81' lang='lat' dir='ltr'><strong>praeconio</strong></span> <span class='ocrx_word' id='word_1_181' title='bbox 757 3114 966 3184; x_wconf 84' lang='lat' dir='ltr'><strong>celebratam</strong></span> <span class='ocrx_word' id='word_1_182' title='bbox 987 3115 1022 3182; x_wconf 93' lang='lat' dir='ltr'><strong>le</strong></span> <span class='ocrx_word' id='word_1_183' title='bbox 1063 3137 1096 3191; x_wconf 75' lang='lat' dir='ltr'><strong>rr</strong></span> <span class='ocrx_word' id='word_1_184' title='bbox 1173 3131 1177 3138; x_wconf 86' lang='grc'><em>’</em></span> 
     </span>
     <span class='ocr_line' id='line_1_29' title="bbox 152 3137 1098 3306; baseline -0.002 -26"><span class='ocrx_word' id='word_1_185' title='bbox 152 3209 241 3302; x_wconf 86' lang='lat' dir='ltr'><strong>quid</strong></span> <span class='ocrx_word' id='word_1_186' title='bbox 266 3212 364 3280; x_wconf 87' lang='lat' dir='ltr'><strong>aliud</strong></span> <span class='ocrx_word' id='word_1_187' title='bbox 387 3211 471 3280; x_wconf 86' lang='lat' dir='ltr'><strong>inde</strong></span> <span class='ocrx_word' id='word_1_188' title='bbox 499 3211 662 3306; x_wconf 79' lang='lat' dir='ltr'><strong>colligar,</strong></span> <span class='ocrx_word' id='word_1_189' title='bbox 684 3233 794 3302; x_wconf 88' lang='lat' dir='ltr'><strong>quam</strong></span> <span class='ocrx_word' id='word_1_190' title='bbox 814 3209 1000 3280; x_wconf 73' lang='lat' dir='ltr'><strong>reddidisse</strong></span> <span class='ocrx_word' id='word_1_191' title='bbox 1022 3137 1098 3280; x_wconf 57' lang='lat' dir='ltr'><strong>gir·</strong></span> 
     </span>
     <span class='ocr_line' id='line_1_30' title="bbox 152 3307 1099 3404; baseline 0 -30"><span class='ocrx_word' id='word_1_192' title='bbox 152 3307 297 3377; x_wconf 85' lang='lat' dir='ltr'><strong>vallium</strong></span> <span class='ocrx_word' id='word_1_193' title='bbox 308 3323 451 3378; x_wconf 88' lang='lat' dir='ltr'><strong>textum</strong></span> <span class='ocrx_word' id='word_1_194' title='bbox 464 3307 792 3394; x_wconf 83' lang='lat' dir='ltr'><strong>Cal&#39;aubonianum‚</strong></span> <span class='ocrx_word' id='word_1_195' title='bbox 809 3308 929 3401; x_wconf 81' lang='lat' dir='ltr'><strong>paucis</strong></span> <span class='ocrx_word' id='word_1_196' title='bbox 942 3309 1099 3404; x_wconf 58' lang='lat' dir='ltr'><strong>recogno·</strong></span> 
     </span>
     <span class='ocr_line' id='line_1_31' title="bbox 152 3403 1100 3498; baseline 0.003 -26"><span class='ocrx_word' id='word_1_197' title='bbox 152 3404 213 3489; x_wconf 80' lang='lat' dir='ltr'><strong>tis,</strong></span> <span class='ocrx_word' id='word_1_198' title='bbox 237 3403 270 3473; x_wconf 85' lang='lat' dir='ltr'><strong>8c</strong></span> <span class='ocrx_word' id='word_1_199' title='bbox 294 3405 450 3498; x_wconf 88' lang='lat' dir='ltr'><strong>capitum</strong></span> <span class='ocrx_word' id='word_1_200' title='bbox 476 3407 560 3474; x_wconf 88' lang='lat' dir='ltr'><strong>serie</strong></span> <span class='ocrx_word' id='word_1_201' title='bbox 582 3405 776 3475; x_wconf 84' lang='lat' dir='ltr'><strong>secundum</strong></span> <span class='ocrx_word' id='word_1_202' title='bbox 803 3406 898 3474; x_wconf 87' lang='lat' dir='ltr'><strong>illam</strong></span> <span class='ocrx_word' id='word_1_203' title='bbox 923 3404 1100 3498; x_wconf 84' lang='lat' dir='ltr'><strong>Synopsrn</strong></span> 
     </span>
     <span class='ocr_line' id='line_1_32' title="bbox 79 3497 1100 3594; baseline 0.001 -26"><span class='ocrx_word' id='word_1_204' title='bbox 79 3531 82 3535; x_wconf 94' lang='lat'>·</span> <span class='ocrx_word' id='word_1_205' title='bbox 151 3503 251 3570; x_wconf 87' lang='lat' dir='ltr'><strong>aliter</strong></span> <span class='ocrx_word' id='word_1_206' title='bbox 274 3501 464 3594; x_wconf 77' lang='lat' dir='ltr'><strong>disposrta‘?</strong></span> <span class='ocrx_word' id='word_1_207' title='bbox 492 3501 627 3575; x_wconf 84' lang='lat' dir='ltr'><strong>Verum</strong></span> <span class='ocrx_word' id='word_1_208' title='bbox 650 3525 696 3572; x_wconf 90' lang='lat' dir='ltr'><strong>ne</strong></span> <span class='ocrx_word' id='word_1_209' title='bbox 723 3502 792 3572; x_wconf 89' lang='lat' dir='ltr'><strong>hoc</strong></span> <span class='ocrx_word' id='word_1_210' title='bbox 815 3497 994 3572; x_wconf 86' lang='lat' dir='ltr'><strong>tantillum</strong></span> <span class='ocrx_word' id='word_1_211' title='bbox 1018 3502 1100 3592; x_wconf 72' lang='lat' dir='ltr'><strong>qui-</strong></span> 
     </span>
     <span class='ocr_line' id='line_1_33' title="bbox 153 3597 1100 3693; baseline 0.002 -27"><span class='ocrx_word' id='word_1_212' title='bbox 153 3597 238 3666; x_wconf 83' lang='lat' dir='ltr'><strong>dem</strong></span> <span class='ocrx_word' id='word_1_213' title='bbox 261 3599 445 3668; x_wconf 88' lang='lat' dir='ltr'><strong>Duvallius</strong></span> <span class='ocrx_word' id='word_1_214' title='bbox 469 3600 513 3669; x_wconf 91' lang='lat' dir='ltr'><strong>de</strong></span> <span class='ocrx_word' id='word_1_215' title='bbox 533 3597 716 3670; x_wconf 83' lang='lat' dir='ltr'><strong>Aristotele</strong></span> <span class='ocrx_word' id='word_1_216' title='bbox 734 3600 948 3693; x_wconf 75' lang='lat' dir='ltr'><strong>promeruitr</strong></span> <span class='ocrx_word' id='word_1_217' title='bbox 972 3621 1100 3691; x_wconf 63' lang='lat' dir='ltr'><strong>quarn*</strong></span> 
     </span>
     <span class='ocr_line' id='line_1_34' title="bbox 151 3694 1099 3768; baseline 0.002 -4"><span class='ocrx_word' id='word_1_218' title='bbox 151 3696 204 3764; x_wconf 82' lang='lat' dir='ltr'><strong>vis</strong></span> <span class='ocrx_word' id='word_1_219' title='bbox 229 3696 353 3766; x_wconf 86' lang='lat' dir='ltr'><strong>callide</strong></span> <span class='ocrx_word' id='word_1_220' title='bbox 386 3697 461 3766; x_wconf 83' lang='lat' dir='ltr'><strong>latia</strong></span> <span class='ocrx_word' id='word_1_221' title='bbox 490 3721 565 3768; x_wconf 86' lang='lat' dir='ltr'><strong>rem</strong></span> <span class='ocrx_word' id='word_1_222' title='bbox 593 3697 691 3768; x_wconf 84' lang='lat' dir='ltr'><strong>suam</strong></span> <span class='ocrx_word' id='word_1_223' title='bbox 722 3697 862 3768; x_wconf 80' lang='lat' dir='ltr'><strong>exorsus</strong></span> <span class='ocrx_word' id='word_1_224' title='bbox 892 3694 957 3766; x_wconf 86' lang='lat' dir='ltr'><strong>elle</strong></span> <span class='ocrx_word' id='word_1_225' title='bbox 987 3695 1099 3767; x_wconf 79' lang='lat' dir='ltr'><strong>rideri</strong></span> 
     </span>
     <span class='ocr_line' id='line_1_35' title="bbox 151 3791 1198 3888; baseline 0.004 -26"><span class='ocrx_word' id='word_1_226' title='bbox 151 3791 275 3884; x_wconf 79' lang='lat' dir='ltr'><strong>pellit,</strong></span> <span class='ocrx_word' id='word_1_227' title='bbox 305 3815 382 3888; x_wconf 90' lang='lat' dir='ltr'><strong>quo</strong></span> <span class='ocrx_word' id='word_1_228' title='bbox 409 3795 521 3866; x_wconf 71' lang='lat' dir='ltr'><strong>tutius</strong></span> <span class='ocrx_word' id='word_1_229' title='bbox 549 3795 699 3868; x_wconf 88' lang='lat' dir='ltr'><strong>aliorum</strong></span> <span class='ocrx_word' id='word_1_230' title='bbox 729 3795 932 3866; x_wconf 82' lang='lat' dir='ltr'><strong>industriam</strong></span> <span class='ocrx_word' id='word_1_231' title='bbox 959 3793 997 3863; x_wconf 89' lang='lat' dir='ltr'><strong>in</strong></span> <span class='ocrx_word' id='word_1_232' title='bbox 1023 3793 1099 3863; x_wconf 59' lang='lat' dir='ltr'><strong>lau«</strong></span> <span class='ocrx_word' id='word_1_233' title='bbox 1195 3857 1198 3866; x_wconf 87' lang='lat'><strong>.</strong></span> 
     </span>
    </p>
   </div>
   <div class='ocr_carea' id='block_1_5' title="bbox 0 0 1449 5024">
    <p class='ocr_par' dir='ltr' id='par_1_5' title="bbox 0 0 1449 5024">
     <span class='ocr_line' id='line_1_36' title="bbox 0 0 1449 5024; baseline 0 0"><span class='ocrx_word' id='word_1_234' title='bbox 0 0 1449 5024; x_wconf 95' lang='lat' dir='ltr'><strong> </strong></span> 
     </span>
    </p>
   </div>
  </div>
 </body>
</html>
