2856 5024
376 415 844 494 PRAEFATIO.
990 437 1092 538 ¹xm

140 597 262 654 textus
282 583 360 678 post
379 584 628 655 Casaubonum
649 584 898 682 recognitionis
914 582 1011 678 apud
1027 585 1091 655 im·

143 681 275 773 peritos
293 698 358 758 ,aut
383 682 572 752 incuriosos
591 681 800 774 quaereret?

142 815 145 826 ·
215 777 422 848 Dimiseram
448 804 467 849 e
489 779 652 849 manibus
674 780 743 848 iam
757 795 907 848 ‚textum
930 777 1091 874 Analyti·

142 896 268 945 corum
292 877 453 969 priorum
482 875 554 946 fere
576 877 754 971 integrum
779 878 881 968 prelo
905 874 1091 946 subiicien-

140 971 256 1057 dum,
279 997 363 1043 cum
383 997 447 1066 per
465 974 701 1045 venerabilem
722 973 838 1044 virum
852 1009 868 1058 ,=
887 971 1103 1047 Heredium

122 1081 125 1100 ¹
143 1067 373 1142 Professorem
386 1069 602 1167 Theologiae
617 1070 713 1162 apud
732 1069 1091 1140 Helmstadienser'ce-

139 1163 392 1252 lebertimum,
412 1165 624 1260 acciperem,
640 1166 793 1236 asservari
813 1168 850 1236 in
871 1167 1089 1236 bibliotheca

142 1262 461 1358 Guelpherbytana
474 1264 607 1360 Organi
618 1265 786 1334 Codicem
801 1283 875 1340 tam
886 1267 1009 1333 ¹bonae
1022 1288 1090 1334 no·

138 1375 219 1445 tae,
245 1377 287 1429 ut
317 1359 364 1430 ab
393 1360 705 1456 eiusdiligentiori
734 1363 924 1435 collatione
956 1357 1090 1432 sruslur
1166 1423 1171 1430 .

139 1451 233 1525 sorte
254 1457 347 1526 baud
366 1458 651 1528 contemnendus
672 1459 709 1528 in
725 1457 943 1530 Aristotelem
963 1481 1088 1528 meum

139 1553 401 1624 redundaturus
422 1555 473 1623 srt.
502 1556 615 1650 igitur
638 1556 742 1625 literis
764 1555 975 1649 compellavi
996 1557 1089 1626 Lan·

137 1673 275 1752 gerurn,
311 1651 549 1722 bibliothecae
588 1653 922 1746 Guelpherbytanae
956 1652 1088 1746 pracfe-

139 1745 255 1834 stum,
267 1765 310 1817 ut
324 1747 429 1818 huius
444 1747 583 1820 Codicis
601 1751 703 1820 usum
724 1750 761 1820 in
780 1747 926 1841 aliquod
944 1767 1086 1842 tempus

77 1925 81 1928 ,
138 1843 227 1914 mihi
251 1845 483 1929 concederet,
512 1845 545 1914 sc
569 1841 654 1916 fauit
676 1847 842 1941 precibus
861 1847 914 1915 vir
936 1839 1087 1916 doslisst-

136 1965 238 2028 mus,
258 1942 424 2033 misitque
449 1942 552 2012 illum
576 1943 661 2012 mihi
687 1944 894 2040 Gottingam
918 1942 990 2013 stne
1013 1947 1084 2013 ulla

137 2060 249 2108 mora
270 2063 335 2131 pro
366 2039 441 2109 otio
469 2037 672 2110 &consiliis
694 2041 784 2110 meis
809 2039 1084 2126 excutiendum,

137 2160 248 2227 quam
266 2134 414 2228 quidem
430 2136 599 2232 insignem
620 2139 694 2208 eius
708 2138 964 2217 humanitatem
985 2153 1084 2233 grato

136 2232 257 2302 animo
271 2231 407 2325 semper
416 2233 614 2325 prosequar.
631 2234 687 2303 Est
698 2234 777 2305 sane
789 2233 916 2304 Codex
930 2258 974 2304 ex
987 2257 1084 2327 prae-

134 2329 363 2416 stantiffimis,
390 2331 709 2417 membranaceus,
736 2333 873 2424 optime
906 2332 1083 2419 servatus,

135 2425 250 2510 seculi
263 2428 397 2496 circiter
417 2427 526 2512 XlV,
554 2429 675 2498 multis
698 2428 809 2526 glossis
833 2429 1081 2524 marginalibus

136 2521 168 2592 8c
199 2523 479 2594 interlinearibus
509 2525 702 2595 instruslus.
741 2525 911 2596 Continet
947 2527 1082 2597 librum

136 2619 399 2714 Calegoriatum
430 2620 516 2690 inde
546 2649 565 2692 a
590 2623 708 2715 capite
732 2623 850 2708 sexto,
874 2622 1008 2692 librum
1036 2623 1081 2693 de

135 2715 452 2809 interpretatione,
470 2719 662 2812 “Analytica
686 2720 801 2812 priora
821 2717 853 2790 Sc
872 2719 1080 2811 posteriora,

5 2859 6 2862 κ
134 2811 289 2906 Topica,
313 2813 346 2883 sc
368 2815 542 2885 Elencbos
564 2817 933 2908 Sopbisticos,omnia
955 2817 1001 2886 ab
1024 2841 1082 2888 ea·

112 2971 115 2976 .
135 2909 219 2980 dem
235 2935 367 2997 manu,
388 2937 504 3003 eaque
525 2914 695 3008 eleganti,
720 2931 862 2984 exarata.
886 2914 927 2982 ln
948 2915 1081 3008 Analy-

133 3008 210 3076 ticis
231 3009 477 3100 posterioribus
496 3009 571 3078 duo
593 3009 676 3079 solia
701 3011 845 3094 desunt,
860 3010 953 3081 sicut
973 3013 1079 3082 etiam

132 3104 198 3174 sub
212 3105 321 3174 finem
336 3107 439 3174 unius
454 3103 527 3176 solii
549 3106 739 3176 dimidium
760 3106 914 3177 excisum
936 3109 990 3178 est
1008 3105 1079 3179 Va-

131 3201 195 3272 rias
219 3201 361 3272 videtur
384 3203 445 3271 ille
468 3221 634 3295 expertus
657 3203 724 3273 else
744 3203 994 3280 concisionem
1017 3225 1078 3278 oc·

132 3316 281 3368 currunt
302 3299 454 3368 enimin
477 3325 521 3369 eo
540 3303 843 3387 multae'liturae,
867 3301 899 3370 sc
920 3302 1006 3371 aliae
1027 3305 1078 3372 le·
1224 3353 1226 3364 ·

131 3389 265 3464 slione‘s
283 3395 387 3489 super
405 3397 500 3466 erasis
523 3397 667 3490 scriptae
682 3397 818 3468 diverso
831 3415 1027 3470 atramento
1045 3399 1079 3470 sc

129 3491 309 3562 literarum
329 3491 440 3564 duslu
450 3521 459 3569 ;
480 3494 583 3564 fluxit
599 3513 718 3564 autem
737 3497 870 3566 ebeno
884 3499 1076 3590 exemplo,

130 3604 174 3659 ut
195 3588 285 3659 adeo
306 3591 379 3660 eius
398 3592 553 3683 pretium
572 3591 669 3662 haud
690 3595 769 3664 leve
790 3593 841 3662 srt.
870 3591 1077 3686 Excerpii&

130 3685 322 3758 diiudicari
339 3687 447 3758 varias
464 3689 537 3759 eius
556 3683 723 3760 lesliones
735 3690 821 3760 inde
840 3691 885 3762 ab
901 3693 990 3760 rlnal
1033 3690 1075 3763 ic.

127 3782 237 3898 prior,
250 3783 312 3858 lib.
325 3784 467 3881 11,cap.
481 3784 638 3877 XXVII,
657 3785 771 3886 usque
786 3787 833 3878 ,d
848 3787 976 3861 finem,
1040 3793 1076 3860 a..
1137 3785 1140 3792 Α
