2856 5024
328 377 394 472 in
572 399 1038 474 enarrarre

328 560 412 633 dem
427 559 524 636 suam
540 579 768 636 converteret.
779 564 966 638 ‚Monebat
984 589 1044 636 me
1063 563 1168 636 literis
1184 553 1281 634 datin
1360 634 1370 666 Ι

326 659 469 732 Exterur
494 685 614 747 meur,
641 661 695 732 vir
717 663 897 754 optimus,
921 661 987 734 effe
1013 663 1077 734 sibi
1101 659 1274 734 vetustam

328 755 465 853 Organi
494 759 690 830 editionem
720 759 795 830 fine·
817 754 947 846 titulo,
976 783 1133 851 quacum
1162 756 1273 828 editio

325 853 536 926 Duvalliana
558 879 634 926 non
663 855 779 926 solum
802 857 841 926 in
865 873 941 930 tota
962 873 1078 928 textus
1098 849 1276 937 lesiione,

325 951 512 1024 sedetiam
534 954 571 1023 in
592 953 685 1034 vitiie
706 954 855 1024 omnino
876 954 1069 1048 conspiret;
1085 950 1150 1024 esse
1170 974 1272 1043 pree·

323 1065 419 1120 terea
441 1050 552 1120 inilia
569 1049 718 1120 eandem
744 1045 939 1122 sediionum
953 1051 991 1122 8ί.
1000 1051 1157 1143 capitum
1180 1045 1272 1118 d'ivi-

324 1145 479 1232 fionem,
494 1145 524 1216 dc
537 1146 817 1239 inscriptionem,
839 1172 949 1240 quarn
965 1146 1149 1218 Duvallius
1161 1167 1272 1240 agno-

322 1242 411 1328 scat,
425 1267 491 1313 nec
505 1245 654 1314 omnino
671 1246 767 1316 hunc
780 1243 925 1316 effecisse
937 1243 1092 1335 aliquid,
1109 1267 1185 1335 quo
1199 1241 1270 1310 Or-

323 1340 405 1436 gani
425 1341 506 1410 libri
534 1339 787 1412 emendatiores
811 1341 1016 1434 prodirent:
1040 1341 1130 1432 quin
1156 1341 1269 1408 immo

324 1461 408 1508 eum
429 1437 562 1532 passum
579 1433 663 1524 esse,
682 1453 723 1509 ut
745 1439 913 1511 vitiorum
935 1437 1046 1534 seges,
1060 1461 1131 1529 qua
1153 1451 1271 1506 textus

322 1533 393 1604 iam
411 1535 448 1604 in
461 1537 596 1606 vetusta
609 1537 667 1605 illa
679 1535 838 1606 editione
855 1535 985 1605 obsrtus
998 1535 1052 1619 srt,
1070 1535 1109 1604 in
1125 1533 1273 1602 immeo
1292 1541 1294 1545 ’

242 1623 243 1628 “
322 1629 400 1700 som
418 1651 610 1730 angeretur.
635 1632 720 1734 Qua
739 1627 1081 1702 commonefasiione
1099 1631 1270 1708 excitatus

323 1729 494 1800 editiones
517 1729 651 1826 Organi
672 1751 765 1798 meas
784 1753 869 1798 cum
892 1728 1100 1798 Duvalliana
1124 1750 1274 1819 compa-¹

320 1849 395 1895 rare
407 1827 527 1918 coepi,
541 1827 603 1896 ubi
616 1825 721 1895 etiam
735 1849 822 1896 mox
834 1824 1083 1909 animadverti,
1097 1823 1269 1894 vetustam

322 1921 419 1992 illam
440 1923 576 2020 Organ'r
601 1922 792 1992 editionem
816 1921 862 1992 ab
885 1922 1015 1992 Extero
1039 1937 1272 1995 memoratam

322 2043 431 2092 unam
446 2043 488 2090 ex
506 2018 658 2092 Pacianis
679 2018 861 2090 serioribus
887 2017 974 2104 esse,
993 2028 1100 2109 quam
1121 2017 1167 2088 ed
1191 2039 1271 2088 ver·

322 2115 413 2188 bum
430 2117 616 2187 Duvallius
633 2115 789 2208 repetiit,
802 2113 943 2187 adiectis
966 2115 1130 2199 editionis
1142 2113 1273 2184 Casan*

321 2213 498 2284 bonianae
514 2214 607 2284 notis
624 2212 887 2310 marginalibus,
903 2213 1026 2304 hisque
1041 2212 1118 2304 ipsu
1130 2211 1175 2282 ad
1189 2229 1268 2282 tex-

321 2327 400 2381 tnm
422 2311 611 2382 Parianum
624 2309 826 2382 reformatis.
853 2311 930 2380 Iam
943 2318 1030 2380 tero
1041 2307 1122 2378 sunt
1144 2310 1181 2376 in
1198 2309 1268 2378 hoc

321 2425 423 2478 textu
440 2409 588 2480 Paciano
603 2410 716 2478 multa
739 2407 862 2478 melius
881 2406 1068 2478 constituta
1080 2455 1090 2491 ‚
1104 2429 1213 2497 quam
1230 2406 1267 2474 in

320 2503 560 2600 Sylburgiano
583 2503 615 2575 dt
636 2503 922 2597 Casauboniano,
946 2527 1055 2595 quare
1080 2499 1271 2598 saepissime

322 2601 432 2700 &ego
450 2603 542 2672 illius
562 2597 751 2674 sessionem
771 2603 809 2672 in
831 2602 887 2672 ed.
901 2601 1109 2672 Duvalliana
1126 2595 1271 2694 'expres-

320 2700 412 2785 sam,
431 2699 491 2771 etsr
509 2701 556 2770 ab
576 2701 644 2772 hoc
667 2698 943 2794 discrepantem,
956 2698 1094 2770 retinui
1110 2696 1268 2800 Quodsr

323 2821 406 2891 ergo
423 2798 461 2865 in
483 2797 606 2866 criticis
622 2797 978 2868 animadversionibus
991 2821 1011 2864 a
1024 2819 1084 2866 me
1101 2811 1267 2864 notatum

322 2893 524 2964 invenerint
542 2887 707 2979 lesiorer,
720 2893 928 2964 Duvallium
947 2887 1137 2962 sessionem
1150 2889 1268 2959 Pacia-

321 3015 404 3061 nam
427 2991 588 3088 recepiffe.
607 2981 785 3087 reuocaffr,¹
802 2990 1070 3086 Sylburgianam
1092 2985 1123 3058 8t
1143 2985 1269 3058 Casan·
1308 2990 1311 2994 ’

229 3143 233 3152 .
320 3087 511 3158 bonianam
534 3089 700 3183 correxifft
718 3089 750 3160 dc
770 3086 959 3182 ernendaffe,
975 3084 1013 3154 id
1030 3085 1078 3154 ita
1096 3083 1185 3154 sirmi
1206 3106 1269 3154 ve·

321 3187 404 3270 lim,
419 3185 520 3276 quod
539 3185 596 3255 illa
614 3187 679 3256 iam
692 3207 774 3256 ante
787 3209 846 3256 me
863 3185 900 3254 in
913 3199 1015 3253 textu
1029 3181 1174 3278 vulgato
1186 3177 1268 3252 Dtt'*

321 3283 473 3352 valliano
489 3283 637 3374 reposita
654 3282 767 3354 suerit.
788 3280 1065 3352 Condonabunt'
1076 3295 1196 3348 autem
1216 3302 1268 3349 er·

321 3379 393 3450 rori
415 3405 496 3450 meo
521 3375 719 3466 lectorensi
740 3401 1007 3467 nonnunquam
1028 3375 1131 3445 nimis
1148 3376 1267 3448 hono*

321 3477 418 3547 rifice
440 3477 485 3546 de
497 3475 653 3571 Duyallii
672 3476 834 3546 acumine
851 3475 971 3544 critico
988 3473 1171 3548 senserim
1188 3473 1268 3564 quir
1339 3509 1342 3516 ·

324 3574 422 3643 enim
438 3572 538 3644 facile
557 3574 764 3658 crediderit,
784 3567 969 3642 hominem
989 3573 1104 3655 hunc,
1120 3569 1142 3638 S
1170 3570 1267 3640 lbur«

322 3672 427 3768 giano
440 3669 471 3742 8t
485 3671 751 3742 Casauboniano
761 3686 864 3740 textu
873 3667 1012 3763 'prorsus
1026 3596 1206 3765 neglesio‚
1219 3665 1266 3736 ad

322 3769 515 3840 Parianum
533 3763 742 3852 recurrisse,
766 3767 832 3838 ubi
858 3767 923 3838 tbi
949 3767 1125 3838 honorem
1152 3787 1268 3860 novae
1307 3829 1309 3836 .
