2856 5038
273 343 931 426 Aunnrrrconum.
1011 378 1074 452 ιη

148 505 262 600 capp.
286 503 328 574 Π.
352 501 410 574 111.
425 503 484 576 IV.
503 501 556 574 De
566 504 710 599 scientia
732 510 763 576 st
786 496 1054 604 demorstrarione.

146 638 252 712 'Sm‘re
269 641 510 723 unumquodque
537 639 720 703 arbitramur
745 625 934 724 simpliciter,
952 661 1009 704 nec
1030 640 1081 704 so-

126 717 257 804 phistico
275 721 368 782 modo
386 721 459 797 illo,
478 723 531 804 qui
548 719 592 783 est
611 719 776 782 secundum
799 723 958 799 accidens,
983 729 1082 804 qusn-

127 801 172 862 tlo
187 800 219 862 δι
235 799 354 862 causam
373 805 418 864 rei
432 821 489 864 nos
500 799 684 884 cognoscere
704 803 903 878 arbitramur,
921 819 1081 886 perquam

128 899 179 943 res
201 880 262 957 est,
282 883 366 963 quod
383 901 420 944 ea
439 883 518 946 illius
541 881 629 944 causa
650 880 705 956 sit,
724 884 858 964 &quod
881 901 945 946 non
962 887 1084 948 contin*

129 979 199 1043 gat,
214 962 274 1024 boc
295 961 382 1024 aliter
401 962 432 1024 se
448 964 570 1034 hebere.

169 1045 364 1126 Demonstrario
382 1040 425 1105 est
447 1041 635 1125 syllogismus
655 1040 770 1105 faciens
786 1043 862 1124 scire.
914 1095 916 1098 .

170 1121 202 1198 Is
217 1121 404 1206 syllogismus
424 1124 485 1202 est,
502 1143 593 1206 quem
610 1143 679 1186 cum
698 1125 862 1202 habemus,
879 1143 942 1188 rem
963 1123 1084 1192 scimus.

172 1203 301 1266 Necesse
320 1204 363 1265 est
383 1205 634 1268 demonstrantem
662 1201 864 1287 syllogismum
887 1207 947 1268 elle
966 1225 1005 1270 ex
1027 1227 1085 1270 ve-
1215 1234 1216 1241 ¹

131 1283 196 1360 ris,
230 1285 351 1367 primis,
380 1287 579 1364 immediatis,
606 1286 779 1348 notioribus
808 1288 841 1350 δι
856 1289 1027 1370 prioribus,
1048 1307 1086 1352 ac

132 1364 231 1428 causis
253 1365 466 1430 conclusionis.

174 1445 257 1508 Vera
278 1464 401 1530 oportet
427 1446 505 1522 elle,
527 1466 546 1509 e
616 1447 684 1510 ibus
710 1446 925 1512 demonstratio
945 1449 1086 1527 constat,
1178 1481 1183 1488 ·

132 1529 278 1610 quoniam
298 1547 361 1590 non
387 1526 543 1612 possumus
561 1529 570 1589 i
599 1573 610 1604 ,
630 1526 714 1609 q'uod
734 1547 798 1590 non
820 1527 884 1604 est,
903 1529 986 1592 scire.

174 1607 220 1670 Er
230 1611 332 1693 primis
345 1625 467 1692 oportet
485 1607 546 1670 esse
563 1608 596 1671 &
610 1608 924 1672 indemonstrabilibus
937 1611 969 1672 id
981 1658 990 1688 ,
1002 1611 1087 1694 quod

132 1689 243 1831 alipuis
261 1688 331 1766 scit,
349 1693 402 1770 qui
422 1687 593 1752 nonhabet
617 1687 902 1753 demonstrationem
921 1689 1066 1775 ipsorum.

108 1797 116 1809 ·
203 1768 289 1833 ausas
307 1779 430 1854 oportet
452 1769 536 1832 reddi
553 1771 584 1830 in
602 1768 921 1850 demonstrationibus,
964 1775 1088 1835 uoniam

134 1868 215 1992 tuncs
229 1851 466 1946 unumquodque
485 1850 613 1929 scirtius,
638 1851 760 1932 quando
787 1851 906 1916 causam
927 1855 937 1915 i
960 1855 1007 1916 'u's
1029 1873 1088 1918 co-

176 1951 197 1993 o
211 1949 316 1994 cimus.

133 1950 214 2074 gnlit
237 2015 340 2096 priora
359 2012 392 2076 u
413 2014 534 2075 notiora
557 2029 682 2094 oportet
700 2009 780 2088 esse,
799 2013 880 2076 unde
899 2013 1012 2096 aliquid
1033 2013 1089 2076 de-

31 2169 33 2172 ·
135 2091 336 2156 monstramus
348 2107 410 2154 non
429 2109 546 2155 tantum
568 2093 648 2153 altero
665 2097 743 2153 modo
763 2093 893 2170 sciendi,
909 2093 959 2156 sed
979 2095 1013 2158 δι
1032 2095 1089 2158 lm-

136 2173 257 2252 flenus‚
275 2190 310 2237 ut
331 2173 476 2250 sciamur,
495 2191 544 2236 res
562 2173 600 2234 ira
615 2172 687 2236 esse.

177 2254 281 2317 Priora
305 2255 338 2317 δι
362 2258 484 2316 notiora
504 2251 573 2316 slmt
594 2255 753 2336 dupliciter
783 2255 993 2337 intelligenda,
1017 2263 1087 2320 cum

86 2329 91 2338 '
136 2353 200 2397 non
215 2335 251 2399 fir
266 2335 345 2398 idem
363 2336 396 2399 δι
415 2334 523 2397 narurb
535 2339 567 2397 br
584 2335 672 2396 nobis
690 2333 789 2418 prius,
808 2353 908 2418 neque
931 2338 1011 2399 idem
1027 2358 1088 2402 no-

136 2417 199 2479 tius
221 2415 409 2500 simpliciter,
431 2417 462 2478 br
479 2415 567 2477 nobis
590 2417 703 2486 notius.

38 2529 42 2536 ·
179 2497 277 2560 Nobis
298 2499 419 2560 notiora
442 2499 474 2560 δι
492 2497 593 2580 priora
611 2495 697 2573 sunt,
717 2514 796 2577 quae
820 2494 916 2561 sensui
932 2497 999 2562 sunt
1021 2509 1088 2562 ma·
1137 2487 1145 2498 ’

159 2581 185 2640 is
203 2580 315 2640 vicina.
442 2617 447 2625 ι

137 2599 158 2662 g
180 2657 358 2742 Simpliciter
383 2669 485 2721 autem
507 2658 609 2741 priora
634 2657 667 2720 δι
692 2658 833 2735 notiora,
854 2666 932 2740 quae
956 2679 976 2721 a
1001 2653 1088 2725 sensu

138 2735 208 2802 sunt
223 2742 395 2803 remotiore
790 2753 795 2763 “
1060 2743 1062 2748 ’

180 2819 383 2884 Remotiffima
399 2839 417 2881 a
438 2818 525 2884 sensu
543 2817 612 2882 sunt
628 2817 826 2897 universalia,
838 2824 976 2905 proxima
988 2835 1089 2884 autent

138 2901 236 2964 sensui
253 2901 420 2984 singularia.

176 2983 224 3076 lix
240 2985 346 3066 primis
359 2983 469 3045 dicitur
485 2979 547 3044 esse
564 2979 796 3059 demonstratio,
812 2982 897 3065 quod
915 2981 952 3046 stt
963 3001 1001 3046 ex
1018 3003 1089 3068 pro·

138 3067 211 3148 ptris
228 3060 391 3148 principiis.
1064 3131 1067 3136 ,

178 3145 343 3227 Prurcipium
361 3142 404 3204 est
421 3143 642 3228 demonstrationis
660 3142 828 3227 proposrrio
847 3143 1029 3209 immediata.

179 3227 335 3288 Immediata
350 3223 394 3286 est
409 3227 569 3307 propofitio,
584 3223 645 3306 qui
658 3243 720 3285 non
736 3223 780 3286 est
792 3225 850 3287 alia
863 3227 955 3306 prior.

181 3307 234 3400 Pro
264 3309 327 3386 strio
344 3303 388 3368 ell
405 3305 620 3369 enuntiationis
638 3305 733 3368 altera
753 3324 841 3388 pars,
861 3324 956 3368 unum
969 3306 1007 3368 de
1025 3326 1089 3371 uno

139 3385 341 3531 figslnucnasibssio
357 3462 402 3529 est
419 3465 666 3531 contradislionis
682 3467 826 3529 alterutra
864 3481 921 3532 ars
1020 3419 1022 3424 V

182 3547 418 3612 communiam
444 3547 614 3633 oppositio,
634 3551 721 3612 culus
740 3565 803 3610 non
886 3549 1017 3614 medium
1041 3547 1091 3612 se·

139 3631 273 3694 eundum
292 3625 396 3712 ipsam.
666 3681 677 3704 ,

181 3709 253 3774 Pars
264 3708 512 3774 contradislionis
523 3711 591 3790 illa,
668 3709 810 3792 ealiquid
826 3710 864 3772 de
879 3711 982 3793 aliquo
1000 3709 1092 3786 dicit,

141 3786 186 3852 est
198 3793 337 3875 affinitatio
346 3815 358 3867 ;
376 3811 454 3874 quae
471 3792 584 3874 aliquid
601 3811 619 3854 a
655 3793 761 3875 aliquo
778 3809 938 3868 removet,
951 3793 1064 3872 negatio.

220 3884 329 3964 Ariflor.
352 3881 412 3946 Vos.
432 3885 472 3947 II.
