2856 5024
336 748 902 876 ARGVUMENTtJM

399 1005 403 1012 -
527 971 721 1037 ttnnt

84 1177 90 1192 '
149 1169 253 1280 DE
294 1161 1100 1280 INTERPRETATIONE

450 1433 796 1458 w*-

151 1611 330 1731 Exonsus
355 1653 388 1721 in
412 1655 492 1722 libro
513 1657 552 1720 de
580 1649 831 1722 Praeditamentis
851 1659 890 1722 ab
913 1659 1102 1744 expositione

151 1741 394 1816 vocabulorum,
416 1759 487 1816 res,
508 1756 544 1802 ut
561 1737 629 1802 illae
655 1758 704 1803 tes
728 1740 812 1816 suni,
832 1741 971 1823 adeoque
993 1743 1105 1826 primae

151 1841 254 1886 earum
274 1823 435 1898 notiones,
454 1819 691 1904 designantium,
710 1821 901 1963 Hrogreditur
927 1839 1007 1884 nunc
1029 1825 1105 1886 Ari·

153 1903 274 1967 stoteles
292 1903 330 1964 ad
357 1919 394 1962 ea
420 1901 544 1964 uberius
570 1901 765 1977 declarata,
791 1919 946 1984 quaeant
972 1903 1104 1988 singula,

154 1997 207 2048 aut
227 1986 306 2048 inter
324 1979 354 2044 se
373 2001 529 2060 connexa,
548 1984 718 2066 exprimunt
732 1983 865 2063 secundas
884 1985 1018 2058 notiones,
1039 1979 1105 2046 sive

154 2067 256 2128 nninto
271 2081 391 2128 tantum
414 2064 452 2124 de
475 2064 567 2126 rebus
595 2079 754 2146 concepta.
783 2064 937 2128 Monitum
960 2083 1042 2126 ame
1061 2063 1106 2128 est

155 2147 216 2209 alio
236 2145 327 2222 loco,
351 2147 494 2207 notiones
511 2143 692 2228 potissimum
717 2144 862 2208 secundas
881 2145 986 2228 Logici
1008 2148 1124 2208 inter-.

155 2227 237 2302 else,
258 2226 501 2308 quandoquidem
525 2223 718 2288 ratiocinatio
746 2225 847 2302 nulla,
867 2226 900 2289 &
923 2246 962 2287 ne
990 2228 1107 2288 coniun-

156 2311 205 2368 nio
266 2308 344 2369 idem
373 2308 535 2390 primarum
561 2307 721 2370 notionum
740 2305 803 2368 sine
828 2321 931 2369 earum
958 2325 1017 2389 ope
1039 2306 1108 2370 fieti

198 2329 265 2450 tell}
282 2386 362 2450 Cum
379 2405 481 2449 autem
503 2386 659 2450 confilium
680 2386 754 2450 esset
795 2387 974 2471 hilosopho‚
997 2387 1108 2451 descri-

155 2409 248 2532 ἰὲηάὶ
273 2469 304 2530 in
334 2468 460 2552 Organo
485 2485 583 2530 artem
607 2409 805 2532 ratiocinanli
826 2469 891 2530 five
919 2468 1108 2552 syllogismos

158 2548 358 2625 conficiendi,
372 2568 461 2632 agere
479 2547 529 2610 ille
546 2549 584 2610 de
599 2548 776 2631 syllogismis
792 2551 937 2626 omnino,
956 2549 1049 2612 variis
1068 2566 1109 2613 ue

156 2631 267 2693 horum
288 2628 306 2690 s
321 2632 444 2691 eciebus
463 2630 496 2692 δι
512 2629 610 2691 modis
625 2649 689 2691 non
706 2647 845 2713 poterat,
859 2630 1030 2714 ptiusquam
1047 2571 1092 2692 ln

262 2651 422 2792 sylogismi
437 2727 555 2795 partes,
574 2711 635 2772 viz.
649 2726 711 2772 tam
722 2711 832 2794 primas
843 2713 1004 2787 notiones,
1038 2729 1109 2773 uam

172 2792 321 2868 ecundas,
340 2789 451 2874 hasque
467 2809 521 2886 per
537 2809 633 2854 voces
649 2809 687 2854 ex
708 2791 854 2855 consensu
874 2731 1038 2876 pluriuml

1031 2794 1110 2854 ti-

160 2873 286 2936 ficantes
303 2870 477 2955 proferendi
497 2872 530 2935 &
548 2871 747 2934 conuellendi
761 2875 894 2936 tationes
910 2891 927 2934 e
969 2873 1041 2934 licui
1066 2883 1112 2934 et.'
1245 2919 1247 2922 -

200 2951 262 3015 lam
272 2970 349 3014 vero
366 2949 532 3015 do'slrinam
542 2954 579 3014 de
592 2954 696 3036 primis
711 2954 889 3016 notionibus
902 2956 933 3016 in
961 2953 1027 3014 ‘bro
1039 2951 1111 3015 Cat·

162 3037 331 3118 egoriamm
346 3035 510 3096 exhibitam
530 3033 696 3115 sequuntur
735 3051 874 3118 mecepta
889 3035 927 3096 tle
947 3032 1111 3117 syllogismi

162 3117 320 3210 partibus2
342 3131 492 3197 quatenus
520 3114 588 3209 illae
618 3112 708 3178 secun
748 3133 765 3176 e
786 3117 937 3210 notiones⁸
959 3114 1052 3190 sunt,
1078 3114 1112 3177 &

163 3214 255 3392 ἓξὲξ
270 3193 1111 3372 tlslttlfflnt¹sss²fllttt¹tttltttnntt

163 3355 645 3520 ltfflltmq‘ttllnttlt
662 3355 1112 3520 sllllpai‘llllfiols‘lll}

164 3515 264 3582 innuit
285 3537 324 3580 eo
344 3518 574 3660 exoli-cntionem
595 3519 743 3613 orationis
764 3517 917 3581 cuiusdam
939 3521 1114 3602 grammati·
1137 3599 1142 3611 Ι

166 3621 253 3676 cam,
271 3616 325 3661 aut
344 3599 381 3660 de
396 3601 574 3684 criptionem
594 3617 639 3660 ret
655 3597 857 3682 copiosiorem
873 3601 906 3662 &
928 3599 1114 3664 luculentio-

166 3700 250 3756 rem,
272 3680 310 3741 ad
325 3695 411 3742 tuum
428 3681 480 3741 vel
499 3678 627 3741 aliorum
646 3696 767 3763 captum
787 3681 879 3762 magis
904 3681 1114 3742 accommoda-

167 3777 248 3836 tam,
276 3759 326 3821 sed
349 3762 452 3843 potius
475 3762 623 3823 rationem
648 3760 779 3842 aliquam
801 3761 937 3844 pluribus
963 3760 1114 3844 approba-

167 3857 247 3918 tam,
267 3859 325 3923 qun
342 3844 433 3902 animi
452 3840 535 3902 sensa
553 3837 750 3925 proferimus,
763 3841 796 3904 δι
807 3860 876 3904 cum
889 3841 954 3904 aliis
973 3843 1015 3904 ita
1033 3860 1115 3904 com-

249 3936 361 4020 Ariston
385 3937 447 3997 Vol.
468 3937 508 3998 ll.
860 3932 891 3998 Α
913 3955 930 3996 2
