2862 5032
1272 23 1419 209 1,

369 433 419 533 98
532 427 1133 506 nnouunnruu

372 567 505 634 cundum
524 563 806 639 transsumtionem,
819 579 874 628 aut
888 561 1054 628 senmdum
1070 563 1248 648 qualitatem
1265 565 1330 650 syl-

369 651 489 732 logismi
504 650 664 722 dicuntur,
685 645 776 707 medii
796 643 999 712 consideratio
1019 645 1063 708 eil
1086 665 1149 708 non
1166 648 1199 709 in
1216 649 1330 732 princi·

370 727 740 877 ffiossstgidfigqlgaffumds'
759 726 793 789 dt
816 724 861 788 eii
878 724 1081 790 consideratio
1101 727 1226 806 eadem,
1249 747 1330 813 quae

457 1052 465 1070 J
500 1015 585 1109 Cap.
611 1011 732 1086 XXX.
750 1009 805 1082 De
824 1011 882 1106 usu
906 1011 1002 1082 huius
1022 1012 1194 1084 doctrinae.

410 1154 485 1218 Non
512 1169 631 1216 tantum
649 1169 756 1214 omnes
780 1143 798 1212 s
816 1149 944 1234 llogismi
971 1169 1027 1234 per
1050 1151 1128 1215 hanc
1149 1151 1332 1216 methodum

371 1236 466 1313 fiunt,
484 1233 534 1296 sed
557 1234 661 1318 &per
679 1232 766 1293 aliam
787 1173 854 1294 deri
876 1251 939 1293 non
956 1230 1088 1314 possunt.

410 1314 534 1380 Prodest
553 1315 627 1376 haec
646 1313 808 1376 methodus
827 1313 865 1373 ad
877 1331 998 1374 omnem
1021 1311 1261 1396 philosophiam,
1276 1335 1332 1378 ar·

367 1409 449 1473 tem,
469 1396 501 1459 δι
525 1394 596 1458 disci
617 1397 726 1470 linam,
747 1394 781 1457 δι
800 1393 839 1454 ad
860 1394 1022 1456 veritatem
1039 1413 1075 1456 ac
1094 1395 1333 1460 demonstratio-

362 1497 462 1550 ·nem,
483 1478 515 1540 u
533 1477 572 1538 ad
589 1417 765 1538 dialefflcos
781 1471 969 1558 syllogismos
986 1476 1019 1537 δι
1032 1476 1219 1557 opinionem.

391 1558 553 1702 ¹Propriap
567 1560 648 1620 circa
665 1573 910 1639 unamquamque
933 1553 1085 1619 scientiam
1103 1556 1333 1642 propositiones

402 1657 516 1703 unmae
544 1655 610 1701 unt.
678 1663 680 1670 a

364 1661 390 1727 p
410 1719 560 1860 Principip
581 1719 662 1782 circa
683 1717 925 1800 unumquodque
941 1716 1150 1803 suppeditare,
1174 1717 1204 1780 id
1230 1735 1331 1802 expe-

368 1817 497 1864 rtenttae
514 1818 531 1860 e
558 1845 567 1862 .

411 1879 621 1964 Astrologicae
640 1879 911 1943 demonstrationes
924 1881 1068 1942 inventae
1082 1877 1167 1956 sunt,
1183 1877 1331 1944 observa·

365 1963 410 2024 tis
427 1960 609 2024 sufficienter
627 1963 682 2037 iis,
700 1979 779 2043 quae
794 1975 939 2102 apparent
953 1963 986 2022 in
1000 1959 1100 2022 coelo.

410 2041 442 2104 st
458 2043 532 2104 nihil
548 2061 675 2118 eorum,
692 2060 810 2124 quaea
852 2042 1004 2104 historiam
1029 2043 1063 2104 &
1077 2037 1329 2108 observationem

369 2120 508 2186 sensuum
530 2125 701 2208 pertinent,
721 2121 959 2208 praetermissum
978 2121 1087 2198 fuerit,
1146 2123 1273 2185 terimus
1287 2124 1330 2185 de

370 2205 453 2268 omni
470 2205 541 2280 illo,
562 2207 650 2268 cuius
667 2202 711 2266 est
731 2203 968 2280 demonstratio,
984 2201 1075 2286 ipsam
1116 2202 1330 2266 emonstratio-

369 2303 439 2347 netu
457 2287 595 2349 invenire
612 2286 645 2348 n
664 2283 887 2361 demonstrare,
901 2285 989 2347 cuius
1003 2300 1106 2346 autem
1125 2303 1188 2346 non
1208 2281 1253 2346 est
1271 2283 1330 2346 de-

364 2361 568 2442 monstratio,
586 2366 617 2429 id
632 2365 826 2428 nihilominus
842 2364 1031 2428 nunifestum
1053 2365 1166 2428 facere.

355 2465 358 2470 ·
410 2447 471 2510 llic
486 2445 696 2510 universaliter
708 2445 820 2510 ditturn
838 2447 902 2523 est,
926 2445 1085 2529 quomodo
1102 2443 1329 2532 propositiones

365 2527 482 2611 eligere
505 2545 666 2614 oporteat,
688 2525 835 2612 exquisite
850 2544 954 2592 autem
976 2529 1033 2592 hac
1054 2527 1092 2588 de
1110 2545 1144 2590 re
1163 2543 1272 2610 agetur
1293 2530 1328 2590 in

369 2607 550 2674 mtiauone
571 2607 734 2672 dialediica.

417 2800 501 2894 Cap.
524 2797 664 2870 XXXI.
689 2799 744 2872 De
768 2800 914 2871 methodo
930 2799 1114 2898 syllogismi
1137 2826 1199 2900 per
1224 2802 1276 2873 di-

767 2913 926 3007 vffionem.

407 3047 531 3112 Divisio
552 3067 648 3133 parva
666 3047 812 3131 quaedam
828 3049 975 3133 particula
995 3047 1039 3112 eii
1059 3047 1157 3113 disiae
1175 3049 1324 3116 methodi.

408 3129 531 3192 Divisio
552 3129 596 3191 eii
615 3130 701 3193 velut
719 3129 856 3194 infirmus
878 3128 1077 3213 syllogismon

408 3209 447 3272 ln
472 3210 798 3289 demonstrationibus,
822 3209 845 3272 st
874 3229 1016 3295 oporteat
1041 3212 1181 3290 ostendi,
1207 3213 1247 3274 ali
1292 3212 1322 3275 'd

367 3289 480 3368 inesse,
496 3307 620 3376 oportet
635 3293 788 3370 medium,
804 3311 859 3376 per
876 3291 960 3374 quod
975 3291 1011 3354 fit
1025 3291 1082 3375 syll
1123 3293 1232 3371 smus,
1258 3311 1323 3354 em·

369 3389 424 3456 per
452 3374 550 3468 minut
579 3372 667 3449 effe,
695 3376 729 3437 δι
759 3392 823 3436 non
854 3371 1024 3436 universale
1058 3373 1195 3460 repediu
1229 3375 1321 3458 primi

368 3468 503 3515 extremi.

407 3532 531 3596 Divisio
551 3533 721 3597 universale
736 3533 825 3598 sumit
843 3535 985 3598 medium.

406 3613 464 3676 Per
483 3613 638 3678 divisionis
654 3617 829 3679 methodum
845 3635 946 3698 neque
962 3615 1096 3681 refutare
1117 3597 1230 3700 aliquid
1305 3649 1325 3666 -

366 3693 487 3772 sumtis,
508 3714 608 3780 neque
632 3698 670 3759 ad
693 3715 814 3759 omnem
837 3695 1044 3778 quaestionem
1070 3715 1141 3782 apta
1165 3697 1209 3760 est
1256 3699 1322 3760 tvi-

364 3774 459 3921 ¹gipnis
476 3777 778 3922 vias'p&n}1¹¹q¹¹ibu⁵
795 3779 925 3840 maxime
942 3779 1067 3844 videtur
1086 3779 1257 3844 convenite
1269 3779 1324 3855 ‚in

429 3875 530 3921 none
575 3879 596 3924 u
642 3878 666 3925 s.
