<?xml version="1.0" encoding="UTF-8"?>
<!DOCTYPE html PUBLIC "-//W3C//DTD XHTML 1.0 Transitional//EN"
    "http://www.w3.org/TR/xhtml1/DTD/xhtml1-transitional.dtd">
<html xmlns="http://www.w3.org/1999/xhtml" xml:lang="en" lang="en">
 <head>
  <title>
</title>
<meta http-equiv="Content-Type" content="text/html;charset=utf-8" />
  <meta name='ocr-system' content='tesseract 3.04.00' />
  <meta name='ocr-capabilities' content='ocr_page ocr_carea ocr_par ocr_line ocrx_word'/>
</head>
<body>
  <div class='ocr_page' id='page_1' title='image "./operaomniagraec00arisgoog/operaomniagraec00arisgoog_0031.png"; bbox 0 0 2862 5032; ppageno 0'>
   <div class='ocr_carea' id='block_1_1' title="bbox 253 417 1088 539">
    <p class='ocr_par' dir='ltr' id='par_1_1' title="bbox 253 417 1088 539">
     <span class='ocr_line' id='line_1_1' title="bbox 253 417 1088 539; baseline 0.004 -33"><span class='ocrx_word' id='word_1_1' title='bbox 253 427 376 506; x_wconf 82' lang='lat' dir='ltr'>nnnn</span> <span class='ocrx_word' id='word_1_2' title='bbox 398 429 465 506; x_wconf 78' lang='lat' dir='ltr'>nn</span> <span class='ocrx_word' id='word_1_3' title='bbox 490 417 962 509; x_wconf 68' lang='lat' dir='ltr'>mnnnnnnnnonn.</span> <span class='ocrx_word' id='word_1_4' title='bbox 1060 453 1088 539; x_wconf 73' lang='lat'><strong>7</strong></span> 
     </span>
    </p>
   </div>
   <div class='ocr_carea' id='block_1_2' title="bbox 176 566 1054 975">
    <p class='ocr_par' dir='ltr' id='par_1_2' title="bbox 176 566 1054 975">
     <span class='ocr_line' id='line_1_2' title="bbox 176 566 861 651; baseline -0.006 -17"><span class='ocrx_word' id='word_1_5' title='bbox 176 569 209 635; x_wconf 82' lang='lat' dir='ltr'>si</span> <span class='ocrx_word' id='word_1_6' title='bbox 227 587 287 651; x_wconf 84' lang='lat' dir='ltr'>qun</span> <span class='ocrx_word' id='word_1_7' title='bbox 308 586 347 630; x_wconf 82' lang='lat' dir='ltr'>ex</span> <span class='ocrx_word' id='word_1_8' title='bbox 363 569 410 630; x_wconf 82' lang='lat' dir='ltr'>his</span> <span class='ocrx_word' id='word_1_9' title='bbox 429 569 623 651; x_wconf 82' lang='lat' dir='ltr'>componitur</span> <span class='ocrx_word' id='word_1_10' title='bbox 639 566 726 630; x_wconf 84' lang='lat' dir='ltr'>velut</span> <span class='ocrx_word' id='word_1_11' title='bbox 743 569 861 647; x_wconf 85' lang='lat' dir='ltr'>oratio,</span> 
     </span>
     <span class='ocr_line' id='line_1_3' title="bbox 354 647 669 712; baseline 0 -2"><span class='ocrx_word' id='word_1_12' title='bbox 354 648 397 711; x_wconf 87' lang='lat' dir='ltr'>est</span> <span class='ocrx_word' id='word_1_13' title='bbox 413 650 472 710; x_wconf 87' lang='lat' dir='ltr'>iam</span> <span class='ocrx_word' id='word_1_14' title='bbox 491 668 561 712; x_wconf 85' lang='lat' dir='ltr'>com</span> <span class='ocrx_word' id='word_1_15' title='bbox 584 647 669 710; x_wconf 71' lang='lat' dir='ltr'>ofin.</span> 
     </span>
     <span class='ocr_line' id='line_1_4' title="bbox 176 728 1054 818; baseline 0.006 -26"><span class='ocrx_word' id='word_1_16' title='bbox 176 729 352 798; x_wconf 77' lang='lat' dir='ltr'>Enuntiatio</span> <span class='ocrx_word' id='word_1_17' title='bbox 375 729 499 814; x_wconf 73' lang='lat' dir='ltr'>simplex</span> <span class='ocrx_word' id='word_1_18' title='bbox 600 747 665 790; x_wconf 84' lang='lat' dir='ltr'>vox</span> <span class='ocrx_word' id='word_1_19' title='bbox 691 728 861 812; x_wconf 76' lang='lat' dir='ltr'>significans</span> <span class='ocrx_word' id='word_1_20' title='bbox 923 749 989 818; x_wconf 80' lang='lat' dir='ltr'>cap.</span> <span class='ocrx_word' id='word_1_21' title='bbox 1011 732 1054 802; x_wconf 79' lang='lat' dir='ltr'>V.</span> 
     </span>
     <span class='ocr_line' id='line_1_5' title="bbox 215 807 802 893; baseline -0.003 -18"><span class='ocrx_word' id='word_1_22' title='bbox 215 811 328 893; x_wconf 83' lang='lat' dir='ltr'>aliquid</span> <span class='ocrx_word' id='word_1_23' title='bbox 351 809 444 872; x_wconf 81' lang='lat' dir='ltr'>ineffe</span> <span class='ocrx_word' id='word_1_24' title='bbox 467 825 604 872; x_wconf 86' lang='lat' dir='ltr'>autnon</span> <span class='ocrx_word' id='word_1_25' title='bbox 631 807 744 888; x_wconf 86' lang='lat' dir='ltr'>ineffe,</span> <span class='ocrx_word' id='word_1_26' title='bbox 766 827 802 873; x_wconf 90' lang='lat' dir='ltr'>ut</span> 
     </span>
     <span class='ocr_line' id='line_1_6' title="bbox 331 887 682 975; baseline 0 -21"><span class='ocrx_word' id='word_1_27' title='bbox 331 908 470 975; x_wconf 72' lang='lat' dir='ltr'>temporo</span> <span class='ocrx_word' id='word_1_28' title='bbox 488 887 583 954; x_wconf 80' lang='lat' dir='ltr'>divisa</span> <span class='ocrx_word' id='word_1_29' title='bbox 603 889 682 954; x_wconf 88' lang='lat' dir='ltr'>sunt.</span> 
     </span>
    </p>
   </div>
   <div class='ocr_carea' id='block_1_3' title="bbox 337 1091 883 1213">
    <p class='ocr_par' dir='ltr' id='par_1_3' title="bbox 337 1091 883 1213">
     <span class='ocr_line' id='line_1_7' title="bbox 337 1091 883 1213; baseline 0.007 -26"><span class='ocrx_word' id='word_1_30' title='bbox 337 1115 394 1188; x_wconf 88' lang='lat' dir='ltr'>De·</span> <span class='ocrx_word' id='word_1_31' title='bbox 420 1117 631 1210; x_wconf 79' lang='lat' dir='ltr'>affirmatione</span> <span class='ocrx_word' id='word_1_32' title='bbox 650 1118 682 1187; x_wconf 67' lang='lat' dir='ltr'>o</span> <span class='ocrx_word' id='word_1_33' title='bbox 700 1091 883 1213; x_wconf 70' lang='lat' dir='ltr'>negotionn</span> 
     </span>
    </p>
   </div>
   <div class='ocr_carea' id='block_1_4' title="bbox 133 1281 1065 2014">
    <p class='ocr_par' dir='ltr' id='par_1_4' title="bbox 133 1281 1065 2014">
     <span class='ocr_line' id='line_1_8' title="bbox 177 1281 842 1380; baseline 0 -32"><span class='ocrx_word' id='word_1_34' title='bbox 177 1283 349 1354; x_wconf 77' lang='lat' dir='ltr'>Affirmatio</span> <span class='ocrx_word' id='word_1_35' title='bbox 378 1281 421 1344; x_wconf 83' lang='lat' dir='ltr'>est</span> <span class='ocrx_word' id='word_1_36' title='bbox 447 1285 616 1380; x_wconf 66' lang='lat' dir='ltr'>enuntiatio</span> <span class='ocrx_word' id='word_1_37' title='bbox 650 1285 778 1350; x_wconf 67' lang='lat' dir='ltr'>alicnus</span> <span class='ocrx_word' id='word_1_38' title='bbox 804 1287 842 1348; x_wconf 80' lang='lat' dir='ltr'>de</span> 
     </span>
     <span class='ocr_line' id='line_1_9' title="bbox 177 1365 967 1541; baseline -0.003 -31"><span class='ocrx_word' id='word_1_39' title='bbox 177 1446 308 1529; x_wconf 78' lang='lat' dir='ltr'>Negatio</span> <span class='ocrx_word' id='word_1_40' title='bbox 328 1443 371 1506; x_wconf 81' lang='lat' dir='ltr'>est</span> <span class='ocrx_word' id='word_1_41' title='bbox 386 1365 564 1541; x_wconf 50' lang='lat' dir='ltr'>enfflgss&#39;</span> <span class='ocrx_word' id='word_1_42' title='bbox 570 1464 734 1510; x_wconf 86' lang='lat' dir='ltr'>removens</span> <span class='ocrx_word' id='word_1_43' title='bbox 748 1445 862 1528; x_wconf 77' lang='lat' dir='ltr'>aliquid</span> <span class='ocrx_word' id='word_1_44' title='bbox 960 1483 967 1496; x_wconf 89' lang='lat'><strong>·</strong></span> 
     </span>
     <span class='ocr_line' id='line_1_10' title="bbox 175 1527 1065 1692; baseline 0.004 -23"><span class='ocrx_word' id='word_1_45' title='bbox 175 1606 248 1669; x_wconf 87' lang='lat' dir='ltr'>Non</span> <span class='ocrx_word' id='word_1_46' title='bbox 259 1607 406 1688; x_wconf 83' lang='lat' dir='ltr'>contingit</span> <span class='ocrx_word' id='word_1_47' title='bbox 419 1527 665 1672; x_wconf 51' lang='lat' dir='ltr'>fifflffim</span> <span class='ocrx_word' id='word_1_48' title='bbox 677 1625 731 1670; x_wconf 86' lang='lat' dir='ltr'>aut</span> <span class='ocrx_word' id='word_1_49' title='bbox 741 1567 860 1690; x_wconf 71' lang='lat' dir='ltr'>negnre.</span> <span class='ocrx_word' id='word_1_50' title='bbox 925 1623 991 1692; x_wconf 72' lang='lat' dir='ltr'>oep.</span> <span class='ocrx_word' id='word_1_51' title='bbox 1005 1605 1065 1678; x_wconf 75' lang='lat' dir='ltr'>Vi.</span> 
     </span>
     <span class='ocr_line' id='line_1_11' title="bbox 177 1687 860 1773; baseline 0 -23"><span class='ocrx_word' id='word_1_52' title='bbox 177 1687 270 1750; x_wconf 89' lang='lat' dir='ltr'>Omni</span> <span class='ocrx_word' id='word_1_53' title='bbox 290 1687 481 1750; x_wconf 84' lang='lat' dir='ltr'>affirmationi</span> <span class='ocrx_word' id='word_1_54' title='bbox 501 1691 623 1771; x_wconf 78' lang='lat' dir='ltr'>negatio</span> <span class='ocrx_word' id='word_1_55' title='bbox 640 1688 684 1750; x_wconf 89' lang='lat' dir='ltr'>est</span> <span class='ocrx_word' id='word_1_56' title='bbox 702 1687 860 1773; x_wconf 76' lang='lat' dir='ltr'>opposita,</span> 
     </span>
     <span class='ocr_line' id='line_1_12' title="bbox 265 1769 745 1832; baseline -0.002 -1"><span class='ocrx_word' id='word_1_57' title='bbox 265 1769 297 1831; x_wconf 73' lang='grc' dir='ltr'>δι</span> <span class='ocrx_word' id='word_1_58' title='bbox 310 1771 392 1830; x_wconf 88' lang='lat' dir='ltr'>omni</span> <span class='ocrx_word' id='word_1_59' title='bbox 407 1787 445 1830; x_wconf 90' lang='lat' dir='ltr'>ne</span> <span class='ocrx_word' id='word_1_60' title='bbox 484 1771 561 1832; x_wconf 89' lang='lat' dir='ltr'>tioni</span> <span class='ocrx_word' id='word_1_61' title='bbox 574 1769 745 1832; x_wconf 81' lang='lat' dir='ltr'>affirmatio.</span> 
     </span>
     <span class='ocr_line' id='line_1_13' title="bbox 133 1847 859 2014; baseline 0.001 -102"><span class='ocrx_word' id='word_1_62' title='bbox 133 1847 139 1850; x_wconf 77' lang='grc'><strong>’</strong></span> <span class='ocrx_word' id='word_1_63' title='bbox 175 1847 339 1933; x_wconf 87' lang='lat' dir='ltr'>Oppofitio</span> <span class='ocrx_word' id='word_1_64' title='bbox 359 1847 403 1911; x_wconf 81' lang='lat' dir='ltr'>eii</span> <span class='ocrx_word' id='word_1_65' title='bbox 422 1851 582 2014; x_wconf 53' lang='lat' dir='ltr'>aposoligteio</span> <span class='ocrx_word' id='word_1_66' title='bbox 601 1851 635 1914; x_wconf 71' lang='lat' dir='ltr'>n</span> <span class='ocrx_word' id='word_1_67' title='bbox 652 1850 775 1988; x_wconf 74' lang='lat' dir='ltr'>negatio</span> <span class='ocrx_word' id='word_1_68' title='bbox 799 1869 859 1938; x_wconf 85' lang='lat' dir='ltr'>op-</span> 
     </span>
    </p>
   </div>
   <div class='ocr_carea' id='block_1_5' title="bbox 186 2159 1036 2260">
    <p class='ocr_par' dir='ltr' id='par_1_5' title="bbox 186 2159 1036 2260">
     <span class='ocr_line' id='line_1_14' title="bbox 186 2159 1036 2260; baseline 0.001 -27"><span class='ocrx_word' id='word_1_69' title='bbox 186 2162 240 2234; x_wconf 80' lang='lat' dir='ltr'>De</span> <span class='ocrx_word' id='word_1_70' title='bbox 257 2159 527 2234; x_wconf 79' lang='lat' dir='ltr'>enuntiationibus</span> <span class='ocrx_word' id='word_1_71' title='bbox 532 2165 627 2260; x_wconf 84' lang='lat' dir='ltr'>puris</span> <span class='ocrx_word' id='word_1_72' title='bbox 642 2184 810 2256; x_wconf 81' lang='lat' dir='ltr'>eorumque</span> <span class='ocrx_word' id='word_1_73' title='bbox 825 2160 1036 2256; x_wconf 69' lang='lat' dir='ltr'>divfionibus.</span> 
     </span>
    </p>
   </div>
   <div class='ocr_carea' id='block_1_6' title="bbox 174 2329 1085 3932">
    <p class='ocr_par' dir='ltr' id='par_1_6' title="bbox 174 2329 1085 3932">
     <span class='ocr_line' id='line_1_15' title="bbox 175 2329 876 2414; baseline 0.001 -19"><span class='ocrx_word' id='word_1_74' title='bbox 175 2331 239 2395; x_wconf 85' lang='lat' dir='ltr'>Res</span> <span class='ocrx_word' id='word_1_75' title='bbox 249 2347 302 2394; x_wconf 88' lang='lat' dir='ltr'>aut</span> <span class='ocrx_word' id='word_1_76' title='bbox 312 2329 380 2392; x_wconf 88' lang='lat' dir='ltr'>sunt</span> <span class='ocrx_word' id='word_1_77' title='bbox 393 2329 596 2407; x_wconf 82' lang='lat' dir='ltr'>universales,</span> <span class='ocrx_word' id='word_1_78' title='bbox 608 2346 662 2392; x_wconf 83' lang='lat' dir='ltr'>aut</span> <span class='ocrx_word' id='word_1_79' title='bbox 671 2330 876 2414; x_wconf 74' lang='lat' dir='ltr'>particulares.</span> 
     </span>
     <span class='ocr_line' id='line_1_16' title="bbox 176 2410 861 2495; baseline -0.001 -20"><span class='ocrx_word' id='word_1_80' title='bbox 176 2410 356 2475; x_wconf 83' lang='lat' dir='ltr'>Universnle</span> <span class='ocrx_word' id='word_1_81' title='bbox 367 2411 493 2487; x_wconf 89' lang='lat' dir='ltr'>dicitur,</span> <span class='ocrx_word' id='word_1_82' title='bbox 512 2413 594 2493; x_wconf 91' lang='lat' dir='ltr'>quod</span> <span class='ocrx_word' id='word_1_83' title='bbox 606 2412 644 2472; x_wconf 87' lang='lat' dir='ltr'>de</span> <span class='ocrx_word' id='word_1_84' title='bbox 661 2411 797 2495; x_wconf 87' lang='lat' dir='ltr'>pluribus</span> <span class='ocrx_word' id='word_1_85' title='bbox 809 2431 861 2474; x_wconf 88' lang='lat' dir='ltr'>na·</span> 
     </span>
     <span class='ocr_line' id='line_1_17' title="bbox 220 2490 800 2575; baseline -0.003 -19"><span class='ocrx_word' id='word_1_86' title='bbox 220 2492 289 2556; x_wconf 69' lang='lat' dir='ltr'>turi</span> <span class='ocrx_word' id='word_1_87' title='bbox 308 2491 360 2556; x_wconf 72' lang='lat' dir='ltr'>sni</span> <span class='ocrx_word' id='word_1_88' title='bbox 375 2493 539 2575; x_wconf 77' lang='lat' dir='ltr'>praedicari</span> <span class='ocrx_word' id='word_1_89' title='bbox 561 2490 679 2575; x_wconf 87' lang='lat' dir='ltr'>potest;</span> <span class='ocrx_word' id='word_1_90' title='bbox 702 2491 800 2558; x_wconf 78' lang='lat' dir='ltr'>Parti-</span> 
     </span>
     <span class='ocr_line' id='line_1_18' title="bbox 292 2572 828 2656; baseline -0.002 -23"><span class='ocrx_word' id='word_1_91' title='bbox 292 2572 411 2648; x_wconf 87' lang='lat' dir='ltr'>culare‚</span> <span class='ocrx_word' id='word_1_92' title='bbox 431 2573 512 2654; x_wconf 87' lang='lat' dir='ltr'>quod</span> <span class='ocrx_word' id='word_1_93' title='bbox 534 2592 597 2634; x_wconf 92' lang='lat' dir='ltr'>non</span> <span class='ocrx_word' id='word_1_94' title='bbox 613 2572 723 2656; x_wconf 80' lang='lat' dir='ltr'>potest.</span> <span class='ocrx_word' id='word_1_95' title='bbox 824 2625 828 2632; x_wconf 93' lang='lat'>.</span> 
     </span>
     <span class='ocr_line' id='line_1_19' title="bbox 174 2652 861 2735; baseline -0.009 -15"><span class='ocrx_word' id='word_1_96' title='bbox 174 2653 349 2720; x_wconf 77' lang='lat' dir='ltr'>&#39;Affirmano</span> <span class='ocrx_word' id='word_1_97' title='bbox 360 2654 393 2714; x_wconf 77' lang='grc' dir='ltr'>δι</span> <span class='ocrx_word' id='word_1_98' title='bbox 406 2655 528 2735; x_wconf 78' lang='lat' dir='ltr'>neg&#39;ntio</span> <span class='ocrx_word' id='word_1_99' title='bbox 544 2653 597 2714; x_wconf 88' lang='lat' dir='ltr'>vel</span> <span class='ocrx_word' id='word_1_100' title='bbox 606 2652 783 2715; x_wconf 85' lang='lat' dir='ltr'>universalis</span> <span class='ocrx_word' id='word_1_101' title='bbox 800 2652 861 2729; x_wconf 81' lang='lat' dir='ltr'>eii,</span> 
     </span>
     <span class='ocr_line' id='line_1_20' title="bbox 336 2733 1041 2816; baseline 0.004 -23"><span class='ocrx_word' id='word_1_102' title='bbox 336 2767 341 2775; x_wconf 92' lang='lat'>-</span> <span class='ocrx_word' id='word_1_103' title='bbox 372 2733 424 2794; x_wconf 87' lang='lat' dir='ltr'>vel</span> <span class='ocrx_word' id='word_1_104' title='bbox 442 2733 638 2816; x_wconf 81' lang='lat' dir='ltr'>particularis.</span> <span class='ocrx_word' id='word_1_105' title='bbox 929 2796 932 2802; x_wconf 81' lang='grc'>,</span> <span class='ocrx_word' id='word_1_106' title='bbox 1036 2793 1041 2804; x_wconf 91' lang='grc'><strong>,</strong></span> 
     </span>
     <span class='ocr_line' id='line_1_21' title="bbox 176 2813 861 2910; baseline 0.004 -33"><span class='ocrx_word' id='word_1_107' title='bbox 176 2813 357 2878; x_wconf 77' lang='lat' dir='ltr'>Connnriae</span> <span class='ocrx_word' id='word_1_108' title='bbox 368 2813 436 2876; x_wconf 86' lang='lat' dir='ltr'>sunt</span> <span class='ocrx_word' id='word_1_109' title='bbox 446 2813 668 2910; x_wconf 68' lang='lat' dir='ltr'>propositiones</span> <span class='ocrx_word' id='word_1_110' title='bbox 684 2813 861 2880; x_wconf 73' lang='lat' dir='ltr'>universalis</span> 
     </span>
     <span class='ocr_line' id='line_1_22' title="bbox 248 2893 820 2978; baseline 0.003 -21"><span class='ocrx_word' id='word_1_111' title='bbox 248 2895 397 2958; x_wconf 74' lang='lat' dir='ltr'>affirnans</span> <span class='ocrx_word' id='word_1_112' title='bbox 412 2895 444 2958; x_wconf 79' lang='grc' dir='ltr'>δι</span> <span class='ocrx_word' id='word_1_113' title='bbox 460 2893 637 2958; x_wconf 72' lang='lat' dir='ltr'>umveffalis</span> <span class='ocrx_word' id='word_1_114' title='bbox 650 2913 772 2978; x_wconf 83' lang='lat' dir='ltr'>negans.</span> <span class='ocrx_word' id='word_1_115' title='bbox 815 2903 820 2932; x_wconf 80' lang='lat'>²</span> 
     </span>
     <span class='ocr_line' id='line_1_23' title="bbox 174 2974 860 3060; baseline -0.001 -20"><span class='ocrx_word' id='word_1_116' title='bbox 174 2976 325 3040; x_wconf 80' lang='lat' dir='ltr'>Particula</span> <span class='ocrx_word' id='word_1_117' title='bbox 353 2980 436 3038; x_wconf 82' lang='lat' dir='ltr'>Omne</span> <span class='ocrx_word' id='word_1_118' title='bbox 455 2993 517 3038; x_wconf 93' lang='lat' dir='ltr'>non</span> <span class='ocrx_word' id='word_1_119' title='bbox 538 2976 684 3060; x_wconf 81' lang='lat' dir='ltr'>fignificat</span> <span class='ocrx_word' id='word_1_120' title='bbox 702 2974 860 3040; x_wconf 84' lang='lat' dir='ltr'>universa·</span> 
     </span>
     <span class='ocr_line' id='line_1_24' title="bbox 215 3055 1085 3172; baseline 0.005 -54"><span class='ocrx_word' id='word_1_121' title='bbox 215 3057 261 3136; x_wconf 87' lang='lat' dir='ltr'>ie,</span> <span class='ocrx_word' id='word_1_122' title='bbox 276 3055 325 3118; x_wconf 86' lang='lat' dir='ltr'>sed</span> <span class='ocrx_word' id='word_1_123' title='bbox 336 3057 418 3139; x_wconf 89' lang='lat' dir='ltr'>quod</span> <span class='ocrx_word' id='word_1_124' title='bbox 429 3076 542 3120; x_wconf 87' lang='lat' dir='ltr'>nomen</span> <span class='ocrx_word' id='word_1_125' title='bbox 551 3056 802 3122; x_wconf 72' lang='lat' dir='ltr'>universaienni·</span> <span class='ocrx_word' id='word_1_126' title='bbox 921 3104 988 3172; x_wconf 50' lang='lat' dir='ltr'>cap·</span> <span class='ocrx_word' id='word_1_127' title='bbox 1009 3079 1085 3154; x_wconf 63' lang='lat' dir='ltr'><strong>m</strong></span> 
     </span>
     <span class='ocr_line' id='line_1_25' title="bbox 353 3137 663 3202; baseline 0 -2"><span class='ocrx_word' id='word_1_128' title='bbox 353 3137 508 3201; x_wconf 87' lang='lat' dir='ltr'>versaliter</span> <span class='ocrx_word' id='word_1_129' title='bbox 519 3138 663 3202; x_wconf 84' lang='lat' dir='ltr'><strong>sumatur.</strong></span> 
     </span>
     <span class='ocr_line' id='line_1_26' title="bbox 176 3218 859 3304; baseline 0.001 -23"><span class='ocrx_word' id='word_1_130' title='bbox 176 3218 299 3302; x_wconf 80' lang='lat' dir='ltr'>Signum</span> <span class='ocrx_word' id='word_1_131' title='bbox 315 3219 434 3280; x_wconf 86' lang='lat' dir='ltr'>nonest</span> <span class='ocrx_word' id='word_1_132' title='bbox 450 3221 653 3302; x_wconf 85' lang='lat' dir='ltr'>praedicatoa</span> <span class='ocrx_word' id='word_1_133' title='bbox 675 3219 859 3304; x_wconf 82' lang='lat' dir='ltr'>ponendum.</span> 
     </span>
     <span class='ocr_line' id='line_1_27' title="bbox 175 3242 860 3383; baseline 0.003 -21"><span class='ocrx_word' id='word_1_134' title='bbox 175 3299 267 3364; x_wconf 73' lang='lat' dir='ltr'>Nulla</span> <span class='ocrx_word' id='word_1_135' title='bbox 286 3297 445 3364; x_wconf 83' lang='lat' dir='ltr'>affirmatio</span> <span class='ocrx_word' id='word_1_136' title='bbox 464 3318 537 3364; x_wconf 87' lang='lat' dir='ltr'>vera</span> <span class='ocrx_word' id='word_1_137' title='bbox 558 3300 619 3376; x_wconf 89' lang='lat' dir='ltr'>est,</span> <span class='ocrx_word' id='word_1_138' title='bbox 639 3242 674 3364; x_wconf 57' lang='lat' dir='ltr'>{f</span> <span class='ocrx_word' id='word_1_139' title='bbox 685 3299 860 3383; x_wconf 85' lang='lat' dir='ltr'>praedicato</span> 
     </span>
     <span class='ocr_line' id='line_1_28' title="bbox 352 3381 907 3466; baseline 0.002 -24"><span class='ocrx_word' id='word_1_140' title='bbox 352 3381 467 3464; x_wconf 78' lang='lat' dir='ltr'>signum</span> <span class='ocrx_word' id='word_1_141' title='bbox 482 3402 663 3466; x_wconf 82' lang='lat' dir='ltr'>apponatur.</span> <span class='ocrx_word' id='word_1_142' title='bbox 904 3419 907 3426; x_wconf 89' lang='lat'>·</span> 
     </span>
     <span class='ocr_line' id='line_1_29' title="bbox 175 3457 1048 3548; baseline 0.007 -24"><span class='ocrx_word' id='word_1_143' title='bbox 175 3457 420 3524; x_wconf 71' lang='lat' dir='ltr'>contradinorie</span> <span class='ocrx_word' id='word_1_144' title='bbox 438 3478 635 3548; x_wconf 86' lang='lat' dir='ltr'>opponuntur</span> <span class='ocrx_word' id='word_1_145' title='bbox 649 3461 810 3528; x_wconf 72' lang='lat' dir='ltr'>offirmatio</span> <span class='ocrx_word' id='word_1_146' title='bbox 827 3463 861 3528; x_wconf 72' lang='grc' dir='ltr'>δι</span> <span class='ocrx_word' id='word_1_147' title='bbox 1044 3495 1048 3502; x_wconf 94' lang='grc'><strong><em>·</em></strong></span> 
     </span>
     <span class='ocr_line' id='line_1_30' title="bbox 214 3541 800 3624; baseline 0.009 -21"><span class='ocrx_word' id='word_1_148' title='bbox 214 3544 356 3624; x_wconf 69' lang='lat' dir='ltr'>negatio,</span> <span class='ocrx_word' id='word_1_149' title='bbox 373 3543 466 3606; x_wconf 84' lang='lat' dir='ltr'>altera</span> <span class='ocrx_word' id='word_1_150' title='bbox 490 3541 684 3621; x_wconf 73' lang='lat' dir='ltr'>universalis,</span> <span class='ocrx_word' id='word_1_151' title='bbox 706 3545 800 3608; x_wconf 80' lang='lat' dir='ltr'>altera</span> 
     </span>
     <span class='ocr_line' id='line_1_31' title="bbox 334 3626 608 3710; baseline 0.007 -25"><span class='ocrx_word' id='word_1_152' title='bbox 334 3701 339 3710; x_wconf 34' lang='grc' dir='ltr'>Ι</span> <span class='ocrx_word' id='word_1_153' title='bbox 411 3626 608 3708; x_wconf 84' lang='lat' dir='ltr'>particularis.</span> 
     </span>
     <span class='ocr_line' id='line_1_32' title="bbox 175 3701 853 3789; baseline 0.01 -24"><span class='ocrx_word' id='word_1_154' title='bbox 175 3701 353 3766; x_wconf 83' lang='lat' dir='ltr'>Contrariae</span> <span class='ocrx_word' id='word_1_155' title='bbox 367 3723 429 3766; x_wconf 94' lang='lat' dir='ltr'>non</span> <span class='ocrx_word' id='word_1_156' title='bbox 441 3705 563 3789; x_wconf 73' lang='lat' dir='ltr'>possunt</span> <span class='ocrx_word' id='word_1_157' title='bbox 575 3705 662 3770; x_wconf 88' lang='lat' dir='ltr'>snnul</span> <span class='ocrx_word' id='word_1_158' title='bbox 675 3706 736 3772; x_wconf 82' lang='lat' dir='ltr'>effe</span> <span class='ocrx_word' id='word_1_159' title='bbox 749 3725 853 3772; x_wconf 85' lang='lat' dir='ltr'><strong>verae.</strong></span> 
     </span>
     <span class='ocr_line' id='line_1_33' title="bbox 175 3783 859 3932; baseline 0.013 -86"><span class='ocrx_word' id='word_1_160' title='bbox 175 3783 369 3848; x_wconf 85' lang='lat' dir='ltr'>Subalternas</span> <span class='ocrx_word' id='word_1_161' title='bbox 382 3789 530 3870; x_wconf 81' lang='lat' dir='ltr'>contingit</span> <span class='ocrx_word' id='word_1_162' title='bbox 527 3787 701 3932; x_wconf 67' lang='lat' dir='ltr'>¹pliquondo</span> <span class='ocrx_word' id='word_1_163' title='bbox 711 3787 859 3882; x_wconf 74' lang='lat' dir='ltr'>finulye·</span> 
     </span>
     <span class='ocr_line' id='line_1_34' title="bbox 443 3887 576 3932; baseline 0.015 -2"><span class='ocrx_word' id='word_1_164' title='bbox 443 3887 526 3931; x_wconf 84' lang='lat' dir='ltr'>rase</span> <span class='ocrx_word' id='word_1_165' title='bbox 551 3889 576 3932; x_wconf 91' lang='lat' dir='ltr'>e.</span> 
     </span>
    </p>
   </div>
   <div class='ocr_carea' id='block_1_7' title="bbox 833 3973 904 4054">
    <p class='ocr_par' dir='ltr' id='par_1_7' title="bbox 833 3973 904 4054">
     <span class='ocr_line' id='line_1_35' title="bbox 833 3973 904 4054; baseline 0 0"><span class='ocrx_word' id='word_1_166' title='bbox 833 3973 904 4054; x_wconf 78' lang='lat' dir='ltr'>A4</span> 
     </span>
    </p>
   </div>
   <div class='ocr_carea' id='block_1_8' title="bbox 0 0 1436 5032">
    <p class='ocr_par' dir='ltr' id='par_1_8' title="bbox 0 0 1436 5032">
     <span class='ocr_line' id='line_1_36' title="bbox 0 0 1436 5032; baseline 0 0"><span class='ocrx_word' id='word_1_167' title='bbox 0 0 1436 5032; x_wconf 95' lang='lat' dir='ltr'> </span> 
     </span>
    </p>
   </div>
  </div>
 </body>
</html>
