<?xml version="1.0" encoding="UTF-8"?>
<!DOCTYPE html PUBLIC "-//W3C//DTD XHTML 1.0 Transitional//EN"
    "http://www.w3.org/TR/xhtml1/DTD/xhtml1-transitional.dtd">
<html xmlns="http://www.w3.org/1999/xhtml" xml:lang="en" lang="en">
 <head>
  <title>
</title>
<meta http-equiv="Content-Type" content="text/html;charset=utf-8" />
  <meta name='ocr-system' content='tesseract 3.04.00' />
  <meta name='ocr-capabilities' content='ocr_page ocr_carea ocr_par ocr_line ocrx_word'/>
</head>
<body>
  <div class='ocr_page' id='page_1' title='image "./operaomniagraec00arisgoog_0022.png"; bbox 0 0 2856 5024; ppageno 0'>
   <div class='ocr_carea' id='block_1_1' title="bbox 343 365 1053 480">
    <p class='ocr_par' dir='ltr' id='par_1_1' title="bbox 343 365 1053 480">
     <span class='ocr_line' id='line_1_1' title="bbox 343 365 1053 480; baseline -0.003 -7"><span class='ocrx_word' id='word_1_1' title='bbox 343 417 420 474; x_wconf 70' lang='lat' dir='ltr'><strong>xm</strong></span> <span class='ocrx_word' id='word_1_2' title='bbox 585 365 1053 480; x_wconf 67' lang='lat' dir='ltr'><strong>natatorio</strong></span> 
     </span>
    </p>
   </div>
   <div class='ocr_carea' id='block_1_2' title="bbox 231 564 1290 1054">
    <p class='ocr_par' dir='ltr' id='par_1_2' title="bbox 231 564 1290 1054">
     <span class='ocr_line' id='line_1_2' title="bbox 343 564 1290 678; baseline 0.002 -42"><span class='ocrx_word' id='word_1_3' title='bbox 343 565 534 660; x_wconf 73' lang='lat' dir='ltr'><strong>lyricorum</strong></span> <span class='ocrx_word' id='word_1_4' title='bbox 558 564 832 676; x_wconf 76' lang='lat' dir='ltr'><strong>posteriorumr</strong></span> <span class='ocrx_word' id='word_1_5' title='bbox 828 589 923 642; x_wconf 84' lang='lat' dir='ltr'><strong>narn</strong></span> <span class='ocrx_word' id='word_1_6' title='bbox 945 581 1108 660; x_wconf 87' lang='lat' dir='ltr'><strong>tempore</strong></span> <span class='ocrx_word' id='word_1_7' title='bbox 1130 565 1290 678; x_wconf 71' lang='lat' dir='ltr'><strong>exclusus</strong></span> 
     </span>
     <span class='ocr_line' id='line_1_3' title="bbox 344 659 1289 774; baseline 0.002 -42"><span class='ocrx_word' id='word_1_8' title='bbox 344 659 502 734; x_wconf 71' lang='lat' dir='ltr'><strong>lectionis</strong></span> <span class='ocrx_word' id='word_1_9' title='bbox 524 665 725 772; x_wconf 60' lang='lat' dir='ltr'><strong>varietatem</strong></span> <span class='ocrx_word' id='word_1_10' title='bbox 747 663 793 740; x_wconf 86' lang='lat' dir='ltr'><strong>ad</strong></span> <span class='ocrx_word' id='word_1_11' title='bbox 815 663 925 734; x_wconf 68' lang='lat' dir='ltr'><strong>libros</strong></span> <span class='ocrx_word' id='word_1_12' title='bbox 947 665 1079 760; x_wconf 80' lang='lat' dir='ltr'><strong>Organi</strong></span> <span class='ocrx_word' id='word_1_13' title='bbox 1100 665 1192 774; x_wconf 81' lang='lat' dir='ltr'><strong>typis</strong></span> <span class='ocrx_word' id='word_1_14' title='bbox 1217 665 1289 734; x_wconf 83' lang='lat' dir='ltr'><strong>iam</strong></span> 
     </span>
     <span class='ocr_line' id='line_1_4' title="bbox 231 758 1290 871; baseline 0.002 -43"><span class='ocrx_word' id='word_1_15' title='bbox 231 803 236 817; x_wconf 81' lang='grc'>-</span> <span class='ocrx_word' id='word_1_16' title='bbox 344 763 529 834; x_wconf 79' lang='lat' dir='ltr'><strong>mandatos</strong></span> <span class='ocrx_word' id='word_1_17' title='bbox 543 758 782 871; x_wconf 80' lang='lat' dir='ltr'><strong>pertinentem</strong></span> <span class='ocrx_word' id='word_1_18' title='bbox 801 777 942 834; x_wconf 87' lang='lat' dir='ltr'><strong>enotare</strong></span> <span class='ocrx_word' id='word_1_19' title='bbox 954 785 1029 834; x_wconf 90' lang='lat' dir='ltr'><strong>non</strong></span> <span class='ocrx_word' id='word_1_20' title='bbox 1042 763 1163 851; x_wconf 87' lang='lat' dir='ltr'><strong>potui,</strong></span> <span class='ocrx_word' id='word_1_21' title='bbox 1178 785 1290 854; x_wconf 90' lang='lat' dir='ltr'><strong>quam</strong></span> 
     </span>
     <span class='ocr_line' id='line_1_5' title="bbox 342 857 1201 955; baseline 0.008 -29"><span class='ocrx_word' id='word_1_22' title='bbox 342 858 449 955; x_wconf 82' lang='lat' dir='ltr'><strong>igitur</strong></span> <span class='ocrx_word' id='word_1_23' title='bbox 464 858 519 928; x_wconf 91' lang='lat' dir='ltr'><strong>ad</strong></span> <span class='ocrx_word' id='word_1_24' title='bbox 543 859 673 930; x_wconf 80' lang='lat' dir='ltr'><strong>calcem</strong></span> <span class='ocrx_word' id='word_1_25' title='bbox 695 858 805 932; x_wconf 78' lang='lat' dir='ltr'><strong>totius</strong></span> <span class='ocrx_word' id='word_1_26' title='bbox 827 858 960 954; x_wconf 82' lang='lat' dir='ltr'><strong>Organi</strong></span> <span class='ocrx_word' id='word_1_27' title='bbox 979 857 1108 928; x_wconf 89' lang='lat' dir='ltr'><strong>subiun</strong></span> <span class='ocrx_word' id='word_1_28' title='bbox 1153 883 1201 933; x_wconf 85' lang='lat' dir='ltr'><strong>m</strong></span> 
     </span>
     <span class='ocr_line' id='line_1_6' title="bbox 418 953 1289 1054; baseline -0.001 -29"><span class='ocrx_word' id='word_1_29' title='bbox 418 956 578 1032; x_wconf 81' lang='lat' dir='ltr'><strong>Arbitror</strong></span> <span class='ocrx_word' id='word_1_30' title='bbox 602 953 778 1049; x_wconf 89' lang='lat' dir='ltr'><strong>quidem,</strong></span> <span class='ocrx_word' id='word_1_31' title='bbox 805 979 864 1026; x_wconf 91' lang='lat' dir='ltr'><strong>me</strong></span> <span class='ocrx_word' id='word_1_32' title='bbox 888 956 1077 1050; x_wconf 77' lang='lat' dir='ltr'><strong>Porphyrii</strong></span> <span class='ocrx_word' id='word_1_33' title='bbox 1102 955 1149 1026; x_wconf 86' lang='lat' dir='ltr'><strong>Ia</strong></span> <span class='ocrx_word' id='word_1_34' title='bbox 1132 979 1289 1054; x_wconf 75' lang='lat' dir='ltr'><strong>agogen,</strong></span> 
     </span>
    </p>
   </div>
   <div class='ocr_carea' id='block_1_3' title="bbox 341 1051 1300 1244">
    <p class='ocr_par' dir='ltr' id='par_1_3' title="bbox 341 1051 1300 1244">
     <span class='ocr_line' id='line_1_7' title="bbox 343 1051 1300 1146; baseline 0 -24"><span class='ocrx_word' id='word_1_35' title='bbox 343 1053 533 1124; x_wconf 83' lang='lat' dir='ltr'><strong>Aristotelis</strong></span> <span class='ocrx_word' id='word_1_36' title='bbox 556 1051 690 1124; x_wconf 88' lang='lat' dir='ltr'><strong>librum</strong></span> <span class='ocrx_word' id='word_1_37' title='bbox 715 1052 994 1146; x_wconf 74' lang='lat' dir='ltr'><strong>categoriarum,</strong></span> <span class='ocrx_word' id='word_1_38' title='bbox 1015 1052 1148 1124; x_wconf 90' lang='lat' dir='ltr'><strong>librum</strong></span> <span class='ocrx_word' id='word_1_39' title='bbox 1168 1053 1213 1130; x_wconf 85' lang='lat' dir='ltr'><strong>de</strong></span> <span class='ocrx_word' id='word_1_40' title='bbox 1227 1054 1300 1122; x_wconf 63' lang='lat' dir='ltr'><strong>[rr-2</strong></span> 
     </span>
     <span class='ocr_line' id='line_1_8' title="bbox 341 1147 1288 1244; baseline 0 -24"><span class='ocrx_word' id='word_1_41' title='bbox 341 1150 615 1242; x_wconf 83' lang='lat' dir='ltr'><strong>terpretatione,</strong></span> <span class='ocrx_word' id='word_1_42' title='bbox 634 1147 673 1222; x_wconf 71' lang='lat' dir='ltr'><strong>lc</strong></span> <span class='ocrx_word' id='word_1_43' title='bbox 696 1149 896 1241; x_wconf 78' lang='lat' dir='ltr'><strong>praesertim</strong></span> <span class='ocrx_word' id='word_1_44' title='bbox 925 1167 1076 1240; x_wconf 85' lang='lat' dir='ltr'><strong>utraque</strong></span> <span class='ocrx_word' id='word_1_45' title='bbox 1102 1149 1288 1244; x_wconf 84' lang='lat' dir='ltr'><strong>Analytica</strong></span> 
     </span>
    </p>
   </div>
   <div class='ocr_carea' id='block_1_4' title="bbox 230 1240 1287 1339">
    <p class='ocr_par' dir='ltr' id='par_1_4' title="bbox 230 1240 1287 1339">
     <span class='ocr_line' id='line_1_9' title="bbox 230 1240 1287 1339; baseline 0.002 -23"><span class='ocrx_word' id='word_1_46' title='bbox 230 1272 238 1291; x_wconf 80' lang='lat'><strong>·</strong></span> <span class='ocrx_word' id='word_1_47' title='bbox 342 1250 459 1317; x_wconf 91' lang='lat' dir='ltr'><strong>multo</strong></span> <span class='ocrx_word' id='word_1_48' title='bbox 486 1245 782 1320; x_wconf 81' lang='lat' dir='ltr'><strong>emendatiora</strong></span> <span class='ocrx_word' id='word_1_49' title='bbox 752 1245 831 1319; x_wconf 77' lang='lat' dir='ltr'><strong>vnit</strong></span> <span class='ocrx_word' id='word_1_50' title='bbox 856 1240 965 1318; x_wconf 73' lang='lat' dir='ltr'><strong>donis</strong></span> <span class='ocrx_word' id='word_1_51' title='bbox 989 1247 1149 1332; x_wconf 82' lang='lat' dir='ltr'><strong>tradere,</strong></span> <span class='ocrx_word' id='word_1_52' title='bbox 1173 1271 1287 1339; x_wconf 91' lang='lat' dir='ltr'><strong>quam</strong></span> 
     </span>
    </p>
   </div>
   <div class='ocr_carea' id='block_1_5' title="bbox 242 1342 1290 1921">
    <p class='ocr_par' dir='ltr' id='par_1_5' title="bbox 242 1342 1290 1921">
     <span class='ocr_line' id='line_1_10' title="bbox 341 1342 1288 1454; baseline 0.005 -41"><span class='ocrx_word' id='word_1_53' title='bbox 341 1345 402 1420; x_wconf 90' lang='lat' dir='ltr'><strong>illa</strong></span> <span class='ocrx_word' id='word_1_54' title='bbox 431 1343 548 1416; x_wconf 87' lang='lat' dir='ltr'><strong>adhuc</strong></span> <span class='ocrx_word' id='word_1_55' title='bbox 576 1343 809 1454; x_wconf 72' lang='lat' dir='ltr'><strong>legebanturr</strong></span> <span class='ocrx_word' id='word_1_56' title='bbox 842 1343 973 1415; x_wconf 87' lang='lat' dir='ltr'><strong>interea</strong></span> <span class='ocrx_word' id='word_1_57' title='bbox 1000 1342 1183 1434; x_wconf 85' lang='lat' dir='ltr'><strong>supersunt</strong></span> <span class='ocrx_word' id='word_1_58' title='bbox 1211 1346 1288 1418; x_wconf 84' lang='lat' dir='ltr'><strong>loca</strong></span> 
     </span>
     <span class='ocr_line' id='line_1_11' title="bbox 341 1439 1289 1534; baseline 0.003 -22"><span class='ocrx_word' id='word_1_59' title='bbox 341 1441 441 1512; x_wconf 87' lang='lat' dir='ltr'><strong>haud</strong></span> <span class='ocrx_word' id='word_1_60' title='bbox 467 1465 601 1534; x_wconf 87' lang='lat' dir='ltr'><strong>pauca,</strong></span> <span class='ocrx_word' id='word_1_61' title='bbox 623 1442 777 1510; x_wconf 83' lang='lat' dir='ltr'><strong>maxime</strong></span> <span class='ocrx_word' id='word_1_62' title='bbox 798 1440 835 1512; x_wconf 88' lang='lat' dir='ltr'><strong>in</strong></span> <span class='ocrx_word' id='word_1_63' title='bbox 857 1439 1067 1533; x_wconf 82' lang='lat' dir='ltr'><strong>Analyticis,</strong></span> <span class='ocrx_word' id='word_1_64' title='bbox 1080 1441 1289 1532; x_wconf 79' lang='lat' dir='ltr'><strong>corruptelit</strong></span> 
     </span>
     <span class='ocr_line' id='line_1_12' title="bbox 342 1536 1288 1630; baseline -0.002 -22"><span class='ocrx_word' id='word_1_65' title='bbox 342 1540 510 1610; x_wconf 89' lang='lat' dir='ltr'><strong>nondum</strong></span> <span class='ocrx_word' id='word_1_66' title='bbox 529 1537 605 1611; x_wconf 79' lang='lat' dir='ltr'><strong>satir</strong></span> <span class='ocrx_word' id='word_1_67' title='bbox 625 1537 787 1622; x_wconf 85' lang='lat' dir='ltr'><strong>liberata,</strong></span> <span class='ocrx_word' id='word_1_68' title='bbox 807 1562 964 1630; x_wconf 90' lang='lat' dir='ltr'><strong>quorum</strong></span> <span class='ocrx_word' id='word_1_69' title='bbox 982 1536 1088 1609; x_wconf 85' lang='lat' dir='ltr'><strong>etiam</strong></span> <span class='ocrx_word' id='word_1_70' title='bbox 1101 1537 1288 1614; x_wconf 75' lang='lat' dir='ltr'><strong>sensum&amp;</strong></span> 
     </span>
     <span class='ocr_line' id='line_1_13' title="bbox 342 1633 1287 1728; baseline -0.002 -22"><span class='ocrx_word' id='word_1_71' title='bbox 342 1659 478 1708; x_wconf 88' lang='lat' dir='ltr'><strong>nexum</strong></span> <span class='ocrx_word' id='word_1_72' title='bbox 501 1659 586 1705; x_wconf 91' lang='lat' dir='ltr'><strong>cum</strong></span> <span class='ocrx_word' id='word_1_73' title='bbox 612 1637 734 1706; x_wconf 82' lang='lat' dir='ltr'><strong>ceteris</strong></span> <span class='ocrx_word' id='word_1_74' title='bbox 759 1635 830 1727; x_wconf 87' lang='lat' dir='ltr'><strong>ipse</strong></span> <span class='ocrx_word' id='word_1_75' title='bbox 854 1658 929 1705; x_wconf 92' lang='lat' dir='ltr'><strong>non</strong></span> <span class='ocrx_word' id='word_1_76' title='bbox 952 1633 1094 1724; x_wconf 87' lang='lat' dir='ltr'><strong>penitus</strong></span> <span class='ocrx_word' id='word_1_77' title='bbox 1116 1635 1287 1728; x_wconf 77' lang='lat' dir='ltr'><strong>perspexi.</strong></span> 
     </span>
     <span class='ocr_line' id='line_1_14' title="bbox 342 1731 1290 1841; baseline 0 -39"><span class='ocrx_word' id='word_1_78' title='bbox 342 1733 551 1804; x_wconf 88' lang='lat' dir='ltr'><strong>Intricatum</strong></span> <span class='ocrx_word' id='word_1_79' title='bbox 572 1731 755 1804; x_wconf 70' lang='lat' dir='ltr'><strong>&amp;difficile</strong></span> <span class='ocrx_word' id='word_1_80' title='bbox 773 1732 821 1802; x_wconf 84' lang='lat' dir='ltr'><strong>est</strong></span> <span class='ocrx_word' id='word_1_81' title='bbox 839 1731 1105 1841; x_wconf 78' lang='lat' dir='ltr'><strong>Analyticorum</strong></span> <span class='ocrx_word' id='word_1_82' title='bbox 1122 1731 1290 1805; x_wconf 82' lang='lat' dir='ltr'><strong>Aristote-</strong></span> 
     </span>
     <span class='ocr_line' id='line_1_15' title="bbox 242 1823 1287 1921; baseline 0 -23"><span class='ocrx_word' id='word_1_83' title='bbox 242 1823 251 1844; x_wconf 88' lang='lat'>&#39;</span> <span class='ocrx_word' id='word_1_84' title='bbox 341 1827 382 1898; x_wconf 86' lang='lat' dir='ltr'><strong>lis</strong></span> <span class='ocrx_word' id='word_1_85' title='bbox 402 1829 568 1900; x_wconf 88' lang='lat' dir='ltr'><strong>studium.</strong></span> <span class='ocrx_word' id='word_1_86' title='bbox 587 1828 752 1900; x_wconf 82' lang='lat' dir='ltr'><strong>Versatur</strong></span> <span class='ocrx_word' id='word_1_87' title='bbox 773 1828 1030 1921; x_wconf 83' lang='lat' dir='ltr'><strong>philosophus</strong></span> <span class='ocrx_word' id='word_1_88' title='bbox 1022 1851 1059 1898; x_wconf 86' lang='lat' dir='ltr'><strong>ur</strong></span> <span class='ocrx_word' id='word_1_89' title='bbox 1081 1829 1213 1900; x_wconf 84' lang='lat' dir='ltr'><strong>intimis</strong></span> <span class='ocrx_word' id='word_1_90' title='bbox 1235 1829 1287 1898; x_wconf 89' lang='lat' dir='ltr'><strong>rei</strong></span> 
     </span>
    </p>
   </div>
   <div class='ocr_carea' id='block_1_6' title="bbox 341 1924 1400 2022">
    <p class='ocr_par' dir='ltr' id='par_1_6' title="bbox 341 1924 1400 2022">
     <span class='ocr_line' id='line_1_16' title="bbox 341 1924 1400 2022; baseline 0.002 -28"><span class='ocrx_word' id='word_1_91' title='bbox 341 1925 567 2022; x_wconf 83' lang='lat' dir='ltr'><strong>syllogisticae</strong></span> <span class='ocrx_word' id='word_1_92' title='bbox 586 1926 848 2020; x_wconf 79' lang='lat' dir='ltr'><strong>penetralibusr</strong></span> <span class='ocrx_word' id='word_1_93' title='bbox 870 1924 983 1998; x_wconf 84' lang='lat' dir='ltr'><strong>sermo</strong></span> <span class='ocrx_word' id='word_1_94' title='bbox 1010 1925 1083 2002; x_wconf 83' lang='lat' dir='ltr'><strong>eius</strong></span> <span class='ocrx_word' id='word_1_95' title='bbox 1107 1925 1220 2002; x_wconf 81' lang='lat' dir='ltr'><strong>inlus</strong></span> <span class='ocrx_word' id='word_1_96' title='bbox 1244 1926 1287 1996; x_wconf 88' lang='lat' dir='ltr'><strong>li·</strong></span> <span class='ocrx_word' id='word_1_97' title='bbox 1396 1957 1400 1964; x_wconf 92' lang='lat'>·</span> 
     </span>
    </p>
   </div>
   <div class='ocr_carea' id='block_1_7' title="bbox 270 2019 1287 2410">
    <p class='ocr_par' dir='ltr' id='par_1_7' title="bbox 270 2019 1286 2410">
     <span class='ocr_line' id='line_1_17' title="bbox 270 2019 1286 2108; baseline -0.001 -15"><span class='ocrx_word' id='word_1_98' title='bbox 270 2051 273 2066; x_wconf 92' lang='lat'>·</span> <span class='ocrx_word' id='word_1_99' title='bbox 340 2023 410 2093; x_wconf 81' lang='lat' dir='ltr'><strong>bris</strong></span> <span class='ocrx_word' id='word_1_100' title='bbox 428 2043 501 2092; x_wconf 90' lang='lat' dir='ltr'><strong>tarn</strong></span> <span class='ocrx_word' id='word_1_101' title='bbox 523 2023 657 2107; x_wconf 90' lang='lat' dir='ltr'><strong>brevis,</strong></span> <span class='ocrx_word' id='word_1_102' title='bbox 683 2023 870 2108; x_wconf 80' lang='lat' dir='ltr'><strong>obscurus,</strong></span> <span class='ocrx_word' id='word_1_103' title='bbox 890 2019 1129 2094; x_wconf 80' lang='lat' dir='ltr'><strong>&amp;contortus</strong></span> <span class='ocrx_word' id='word_1_104' title='bbox 1156 2021 1220 2106; x_wconf 87' lang='lat' dir='ltr'><strong>est,</strong></span> <span class='ocrx_word' id='word_1_105' title='bbox 1243 2039 1286 2102; x_wconf 85' lang='lat' dir='ltr'><strong>uc</strong></span> 
     </span>
     <span class='ocr_line' id='line_1_18' title="bbox 341 2114 1286 2212; baseline 0 -23"><span class='ocrx_word' id='word_1_106' title='bbox 341 2120 413 2190; x_wconf 85' lang='lat' dir='ltr'><strong>sere</strong></span> <span class='ocrx_word' id='word_1_107' title='bbox 427 2120 563 2212; x_wconf 87' lang='lat' dir='ltr'><strong>semper</strong></span> <span class='ocrx_word' id='word_1_108' title='bbox 582 2114 710 2191; x_wconf 71' lang='lat' dir='ltr'><strong>ledor&#39;r</strong></span> <span class='ocrx_word' id='word_1_109' title='bbox 720 2118 856 2210; x_wconf 86' lang='lat' dir='ltr'><strong>aliquid</strong></span> <span class='ocrx_word' id='word_1_110' title='bbox 866 2117 908 2192; x_wconf 88' lang='lat' dir='ltr'><strong>srt</strong></span> <span class='ocrx_word' id='word_1_111' title='bbox 922 2118 1180 2205; x_wconf 88' lang='lat' dir='ltr'><strong>divinandum,</strong></span> <span class='ocrx_word' id='word_1_112' title='bbox 1194 2117 1225 2196; x_wconf 73' lang='lat' dir='ltr'><strong>Sc</strong></span> <span class='ocrx_word' id='word_1_113' title='bbox 1239 2119 1286 2190; x_wconf 90' lang='lat' dir='ltr'><strong>de</strong></span> 
     </span>
     <span class='ocr_line' id='line_1_19' title="bbox 339 2214 1287 2310; baseline 0 -25"><span class='ocrx_word' id='word_1_114' title='bbox 339 2218 403 2288; x_wconf 92' lang='lat' dir='ltr'><strong>suo</strong></span> <span class='ocrx_word' id='word_1_115' title='bbox 423 2216 682 2310; x_wconf 64' lang='lat' dir='ltr'><strong>supplendum</strong></span> <span class='ocrx_word' id='word_1_116' title='bbox 702 2216 857 2302; x_wconf 83' lang='lat' dir='ltr'><strong>accedit,</strong></span> <span class='ocrx_word' id='word_1_117' title='bbox 880 2215 984 2307; x_wconf 92' lang='lat' dir='ltr'><strong>quod</strong></span> <span class='ocrx_word' id='word_1_118' title='bbox 1003 2214 1182 2308; x_wconf 80' lang='lat' dir='ltr'><strong>exempla,</strong></span> <span class='ocrx_word' id='word_1_119' title='bbox 1204 2217 1287 2308; x_wconf 89' lang='lat' dir='ltr'><strong>qui·</strong></span> 
     </span>
     <span class='ocr_line' id='line_1_20' title="bbox 340 2267 1287 2410; baseline -0.002 -26"><span class='ocrx_word' id='word_1_120' title='bbox 340 2313 409 2384; x_wconf 80' lang='lat' dir='ltr'><strong>bus</strong></span> <span class='ocrx_word' id='word_1_121' title='bbox 423 2311 539 2384; x_wconf 83' lang='lat' dir='ltr'><strong>asserta</strong></span> <span class='ocrx_word' id='word_1_122' title='bbox 557 2313 655 2384; x_wconf 90' lang='lat' dir='ltr'><strong>nuda</strong></span> <span class='ocrx_word' id='word_1_123' title='bbox 673 2314 782 2410; x_wconf 81' lang='lat' dir='ltr'><strong>magis</strong></span> <span class='ocrx_word' id='word_1_124' title='bbox 795 2267 1013 2397; x_wconf 83' lang='lat' dir='ltr'><strong>illucescant,</strong></span> <span class='ocrx_word' id='word_1_125' title='bbox 1027 2330 1089 2391; x_wconf 87' lang='lat' dir='ltr'><strong>aut</strong></span> <span class='ocrx_word' id='word_1_126' title='bbox 1103 2314 1208 2404; x_wconf 88' lang='lat' dir='ltr'><strong>plane</strong></span> <span class='ocrx_word' id='word_1_127' title='bbox 1223 2313 1287 2384; x_wconf 86' lang='lat' dir='ltr'><strong>de·</strong></span> 
     </span>
    </p>
   </div>
   <div class='ocr_carea' id='block_1_8' title="bbox 197 2409 1286 2519">
    <p class='ocr_par' dir='ltr' id='par_1_8' title="bbox 197 2409 1286 2519">
     <span class='ocr_line' id='line_1_21' title="bbox 197 2409 1286 2519; baseline 0.004 -41"><span class='ocrx_word' id='word_1_128' title='bbox 197 2455 201 2461; x_wconf 93' lang='lat'>-</span> <span class='ocrx_word' id='word_1_129' title='bbox 340 2410 431 2496; x_wconf 88' lang='lat' dir='ltr'><strong>srnt,</strong></span> <span class='ocrx_word' id='word_1_130' title='bbox 444 2427 506 2480; x_wconf 89' lang='lat' dir='ltr'><strong>aut</strong></span> <span class='ocrx_word' id='word_1_131' title='bbox 525 2411 785 2482; x_wconf 73' lang='lat' dir='ltr'><strong>literianncn</strong></span> <span class='ocrx_word' id='word_1_132' title='bbox 804 2429 1061 2519; x_wconf 80' lang='lat' dir='ltr'><strong>proponantur.</strong></span> <span class='ocrx_word' id='word_1_133' title='bbox 1081 2409 1123 2480; x_wconf 90' lang='lat' dir='ltr'><strong>In</strong></span> <span class='ocrx_word' id='word_1_134' title='bbox 1145 2411 1286 2502; x_wconf 82' lang='lat' dir='ltr'><strong>hisipsrs</strong></span> 
     </span>
    </p>
   </div>
   <div class='ocr_carea' id='block_1_9' title="bbox 337 2506 1287 3282">
    <p class='ocr_par' dir='ltr' id='par_1_9' title="bbox 337 2506 1287 3282">
     <span class='ocr_line' id='line_1_22' title="bbox 340 2506 1284 2597; baseline -0.001 -20"><span class='ocrx_word' id='word_1_135' title='bbox 340 2508 449 2578; x_wconf 78' lang='lat' dir='ltr'><strong>literis</strong></span> <span class='ocrx_word' id='word_1_136' title='bbox 458 2531 680 2597; x_wconf 85' lang='lat' dir='ltr'><strong>,earumque</strong></span> <span class='ocrx_word' id='word_1_137' title='bbox 697 2508 930 2581; x_wconf 86' lang='lat' dir='ltr'><strong>collocatione</strong></span> <span class='ocrx_word' id='word_1_138' title='bbox 943 2506 975 2578; x_wconf 74' lang='lat' dir='ltr'><strong>dc</strong></span> <span class='ocrx_word' id='word_1_139' title='bbox 989 2508 1126 2578; x_wconf 90' lang='lat' dir='ltr'><strong>ratione</strong></span> <span class='ocrx_word' id='word_1_140' title='bbox 1138 2525 1284 2591; x_wconf 85' lang='lat' dir='ltr'><strong>mutua,</strong></span> 
     </span>
     <span class='ocr_line' id='line_1_23' title="bbox 338 2603 1283 2696; baseline 0 -22"><span class='ocrx_word' id='word_1_141' title='bbox 338 2605 477 2674; x_wconf 87' lang='lat' dir='ltr'><strong>summa</strong></span> <span class='ocrx_word' id='word_1_142' title='bbox 499 2605 546 2677; x_wconf 85' lang='lat' dir='ltr'><strong>est</strong></span> <span class='ocrx_word' id='word_1_143' title='bbox 566 2603 742 2676; x_wconf 84' lang='lat' dir='ltr'><strong>Codicum</strong></span> <span class='ocrx_word' id='word_1_144' title='bbox 764 2604 1016 2680; x_wconf 75' lang='lat' dir='ltr'><strong>&amp;editionum</strong></span> <span class='ocrx_word' id='word_1_145' title='bbox 1037 2603 1283 2696; x_wconf 79' lang='lat' dir='ltr'><strong>discrepantia·</strong></span> 
     </span>
     <span class='ocr_line' id='line_1_24' title="bbox 340 2699 1285 2811; baseline -0.001 -41"><span class='ocrx_word' id='word_1_146' title='bbox 340 2703 427 2779; x_wconf 81' lang='lat' dir='ltr'><strong>haec</strong></span> <span class='ocrx_word' id='word_1_147' title='bbox 447 2719 566 2772; x_wconf 89' lang='lat' dir='ltr'><strong>autem</strong></span> <span class='ocrx_word' id='word_1_148' title='bbox 581 2703 758 2776; x_wconf 86' lang='lat' dir='ltr'><strong>literarum</strong></span> <span class='ocrx_word' id='word_1_149' title='bbox 776 2703 982 2772; x_wconf 86' lang='lat' dir='ltr'><strong>collocatio</strong></span> <span class='ocrx_word' id='word_1_150' title='bbox 977 2725 1013 2774; x_wconf 83' lang='grc' dir='ltr'><strong>ιη</strong></span> <span class='ocrx_word' id='word_1_151' title='bbox 1026 2701 1201 2776; x_wconf 86' lang='lat' dir='ltr'><strong>schemate</strong></span> <span class='ocrx_word' id='word_1_152' title='bbox 1216 2699 1285 2811; x_wconf 85' lang='lat' dir='ltr'><strong>syl-</strong></span> 
     </span>
     <span class='ocr_line' id='line_1_25' title="bbox 340 2798 1286 2894; baseline 0.001 -29"><span class='ocrx_word' id='word_1_153' title='bbox 340 2798 495 2894; x_wconf 78' lang='lat' dir='ltr'><strong>logistico</strong></span> <span class='ocrx_word' id='word_1_154' title='bbox 515 2822 591 2868; x_wconf 95' lang='lat' dir='ltr'><strong>non</strong></span> <span class='ocrx_word' id='word_1_155' title='bbox 615 2799 711 2874; x_wconf 86' lang='lat' dir='ltr'><strong>idem</strong></span> <span class='ocrx_word' id='word_1_156' title='bbox 733 2802 826 2870; x_wconf 87' lang='lat' dir='ltr'><strong>valet</strong></span> <span class='ocrx_word' id='word_1_157' title='bbox 837 2798 964 2890; x_wconf 90' lang='lat' dir='ltr'><strong>,quod</strong></span> <span class='ocrx_word' id='word_1_158' title='bbox 985 2801 1110 2874; x_wconf 70' lang='lat' dir='ltr'><strong>alterat</strong></span> <span class='ocrx_word' id='word_1_159' title='bbox 1133 2798 1239 2869; x_wconf 89' lang='lat' dir='ltr'><strong>hinc</strong></span> <span class='ocrx_word' id='word_1_160' title='bbox 1234 2823 1286 2866; x_wconf 89' lang='lat' dir='ltr'><strong>rn-</strong></span> 
     </span>
     <span class='ocr_line' id='line_1_26' title="bbox 339 2893 1287 2983; baseline 0 -17"><span class='ocrx_word' id='word_1_161' title='bbox 339 2915 476 2966; x_wconf 87' lang='lat' dir='ltr'><strong>certum</strong></span> <span class='ocrx_word' id='word_1_162' title='bbox 491 2894 525 2966; x_wconf 77' lang='lat' dir='ltr'><strong>lc</strong></span> <span class='ocrx_word' id='word_1_163' title='bbox 542 2894 708 2968; x_wconf 89' lang='lat' dir='ltr'><strong>dubium·</strong></span> <span class='ocrx_word' id='word_1_164' title='bbox 717 2897 857 2968; x_wconf 86' lang='lat' dir='ltr'><strong>haerere</strong></span> <span class='ocrx_word' id='word_1_165' title='bbox 876 2893 1048 2964; x_wconf 88' lang='lat' dir='ltr'><strong>Criticum</strong></span> <span class='ocrx_word' id='word_1_166' title='bbox 1055 2893 1202 2983; x_wconf 87' lang='lat' dir='ltr'><strong>semper</strong></span> <span class='ocrx_word' id='word_1_167' title='bbox 1225 2917 1287 2966; x_wconf 59' lang='lat' dir='ltr'><strong>ne*</strong></span> 
     </span>
     <span class='ocr_line' id='line_1_27' title="bbox 339 2990 1285 3083; baseline -0.001 -21"><span class='ocrx_word' id='word_1_168' title='bbox 339 2990 425 3062; x_wconf 85' lang='lat' dir='ltr'><strong>cesse</strong></span> <span class='ocrx_word' id='word_1_169' title='bbox 448 2993 517 3076; x_wconf 88' lang='lat' dir='ltr'><strong>est,</strong></span> <span class='ocrx_word' id='word_1_170' title='bbox 542 3015 735 3082; x_wconf 86' lang='lat' dir='ltr'><strong>quamnam</strong></span> <span class='ocrx_word' id='word_1_171' title='bbox 765 2993 824 3064; x_wconf 83' lang='lat' dir='ltr'><strong>ille</strong></span> <span class='ocrx_word' id='word_1_172' title='bbox 852 2990 1041 3083; x_wconf 85' lang='lat' dir='ltr'><strong>praeferat,</strong></span> <span class='ocrx_word' id='word_1_173' title='bbox 1073 3006 1115 3060; x_wconf 90' lang='lat' dir='ltr'><strong>ut</strong></span> <span class='ocrx_word' id='word_1_174' title='bbox 1138 3013 1218 3058; x_wconf 86' lang='lat' dir='ltr'><strong>vere</strong></span> <span class='ocrx_word' id='word_1_175' title='bbox 1240 2991 1285 3062; x_wconf 92' lang='lat' dir='ltr'><strong>ab</strong></span> 
     </span>
     <span class='ocr_line' id='line_1_28' title="bbox 337 3085 1286 3195; baseline -0.004 -35"><span class='ocrx_word' id='word_1_176' title='bbox 337 3089 522 3162; x_wconf 78' lang='lat' dir='ltr'><strong>Aristotele</strong></span> <span class='ocrx_word' id='word_1_177' title='bbox 539 3088 718 3182; x_wconf 86' lang='lat' dir='ltr'><strong>scriptam,</strong></span> <span class='ocrx_word' id='word_1_178' title='bbox 732 3107 793 3158; x_wconf 88' lang='lat' dir='ltr'><strong>aut</strong></span> <span class='ocrx_word' id='word_1_179' title='bbox 812 3111 895 3162; x_wconf 80' lang='lat' dir='ltr'><strong>vere</strong></span> <span class='ocrx_word' id='word_1_180' title='bbox 912 3088 957 3156; x_wconf 87' lang='lat' dir='ltr'><strong>ad</strong></span> <span class='ocrx_word' id='word_1_181' title='bbox 972 3101 1157 3195; x_wconf 81' lang='lat' dir='ltr'><strong>praecepta</strong></span> <span class='ocrx_word' id='word_1_182' title='bbox 1177 3085 1286 3180; x_wconf 89' lang='lat' dir='ltr'><strong>syllo-</strong></span> 
     </span>
     <span class='ocr_line' id='line_1_29' title="bbox 338 3184 1287 3282; baseline -0.005 -21"><span class='ocrx_word' id='word_1_183' title='bbox 338 3186 452 3282; x_wconf 80' lang='lat' dir='ltr'><strong>gistica</strong></span> <span class='ocrx_word' id='word_1_184' title='bbox 464 3185 708 3279; x_wconf 87' lang='lat' dir='ltr'><strong>quadrantem.</strong></span> <span class='ocrx_word' id='word_1_185' title='bbox 722 3186 830 3258; x_wconf 81' lang='lat' dir='ltr'><strong>Aliud</strong></span> <span class='ocrx_word' id='word_1_186' title='bbox 846 3184 972 3255; x_wconf 89' lang='lat' dir='ltr'><strong>accidit</strong></span> <span class='ocrx_word' id='word_1_187' title='bbox 989 3184 1154 3274; x_wconf 89' lang='lat' dir='ltr'><strong>insuper</strong></span> <span class='ocrx_word' id='word_1_188' title='bbox 1146 3207 1287 3256; x_wconf 82' lang='lat' dir='ltr'><strong>incom-</strong></span> 
     </span>
    </p>
   </div>
   <div class='ocr_carea' id='block_1_10' title="bbox 337 3280 1418 3374">
    <p class='ocr_par' dir='ltr' id='par_1_10' title="bbox 337 3280 1418 3374">
     <span class='ocr_line' id='line_1_30' title="bbox 337 3280 1418 3374; baseline -0.003 -22"><span class='ocrx_word' id='word_1_189' title='bbox 337 3283 492 3356; x_wconf 91' lang='lat' dir='ltr'><strong>modum</strong></span> <span class='ocrx_word' id='word_1_190' title='bbox 521 3283 613 3369; x_wconf 88' lang='lat' dir='ltr'><strong>hoc,</strong></span> <span class='ocrx_word' id='word_1_191' title='bbox 637 3282 739 3374; x_wconf 90' lang='lat' dir='ltr'><strong>quod</strong></span> <span class='ocrx_word' id='word_1_192' title='bbox 764 3281 1007 3354; x_wconf 76' lang='lat' dir='ltr'><strong>deficientibus</strong></span> <span class='ocrx_word' id='word_1_193' title='bbox 1031 3280 1284 3372; x_wconf 84' lang='lat' dir='ltr'><strong>saepenumero</strong></span> <span class='ocrx_word' id='word_1_194' title='bbox 1415 3283 1418 3292; x_wconf 84' lang='grc'><em>“</em></span> 
     </span>
    </p>
   </div>
   <div class='ocr_carea' id='block_1_11' title="bbox 336 3378 1295 3868">
    <p class='ocr_par' dir='ltr' id='par_1_11' title="bbox 336 3378 1295 3868">
     <span class='ocr_line' id='line_1_31' title="bbox 337 3378 1286 3492; baseline -0.002 -42"><span class='ocrx_word' id='word_1_195' title='bbox 337 3381 375 3452; x_wconf 93' lang='lat' dir='ltr'><strong>in</strong></span> <span class='ocrx_word' id='word_1_196' title='bbox 401 3380 706 3492; x_wconf 69' lang='lat' dir='ltr'><strong>typographorum</strong></span> <span class='ocrx_word' id='word_1_197' title='bbox 731 3379 875 3454; x_wconf 80' lang='lat' dir='ltr'><strong>officinis</strong></span> <span class='ocrx_word' id='word_1_198' title='bbox 901 3378 1079 3448; x_wconf 87' lang='lat' dir='ltr'><strong>literarum</strong></span> <span class='ocrx_word' id='word_1_199' title='bbox 1103 3396 1129 3446; x_wconf 78' lang='grc' dir='ltr'><strong>Α</strong></span> <span class='ocrx_word' id='word_1_200' title='bbox 1151 3396 1222 3448; x_wconf 78' lang='lat' dir='ltr'><strong>nc</strong></span> <span class='ocrx_word' id='word_1_201' title='bbox 1236 3397 1286 3464; x_wconf 85' lang='lat' dir='ltr'><strong>o,</strong></span> 
     </span>
     <span class='ocr_line' id='line_1_32' title="bbox 339 3475 1295 3572; baseline -0.005 -24"><span class='ocrx_word' id='word_1_202' title='bbox 339 3481 470 3551; x_wconf 86' lang='lat' dir='ltr'><strong>centier</strong></span> <span class='ocrx_word' id='word_1_203' title='bbox 505 3501 577 3550; x_wconf 88' lang='lat' dir='ltr'><strong>una</strong></span> <span class='ocrx_word' id='word_1_204' title='bbox 606 3476 805 3567; x_wconf 88' lang='lat' dir='ltr'><strong>eademque</strong></span> <span class='ocrx_word' id='word_1_205' title='bbox 832 3475 957 3572; x_wconf 83' lang='lat' dir='ltr'><strong>pagina</strong></span> <span class='ocrx_word' id='word_1_206' title='bbox 986 3475 1295 3567; x_wconf 77' lang='lat' dir='ltr'><strong>repetendarum,</strong></span> 
     </span>
     <span class='ocr_line' id='line_1_33' title="bbox 336 3572 1286 3682; baseline -0.006 -36"><span class='ocrx_word' id='word_1_207' title='bbox 336 3573 479 3660; x_wconf 78' lang='lat' dir='ltr'><strong>formio,</strong></span> <span class='ocrx_word' id='word_1_208' title='bbox 493 3576 571 3646; x_wconf 80' lang='lat' dir='ltr'><strong>alias</strong></span> <span class='ocrx_word' id='word_1_209' title='bbox 586 3575 698 3648; x_wconf 76' lang='lat' dir='ltr'><strong>literas</strong></span> <span class='ocrx_word' id='word_1_210' title='bbox 713 3598 840 3665; x_wconf 85' lang='lat' dir='ltr'><strong>operae</strong></span> <span class='ocrx_word' id='word_1_211' title='bbox 861 3573 1069 3658; x_wconf 85' lang='lat' dir='ltr'><strong>insererent,</strong></span> <span class='ocrx_word' id='word_1_212' title='bbox 1083 3594 1182 3644; x_wconf 89' lang='lat' dir='ltr'><strong>nunc</strong></span> <span class='ocrx_word' id='word_1_213' title='bbox 1202 3572 1286 3682; x_wconf 72' lang='lat' dir='ltr'><strong>qui-</strong></span> 
     </span>
     <span class='ocr_line' id='line_1_34' title="bbox 339 3669 1285 3763; baseline -0.006 -19"><span class='ocrx_word' id='word_1_214' title='bbox 339 3672 422 3744; x_wconf 86' lang='lat' dir='ltr'><strong>dem</strong></span> <span class='ocrx_word' id='word_1_215' title='bbox 437 3697 456 3742; x_wconf 88' lang='lat' dir='ltr'><strong>a</strong></span> <span class='ocrx_word' id='word_1_216' title='bbox 473 3671 561 3746; x_wconf 77' lang='lat' dir='ltr'><strong>veris</strong></span> <span class='ocrx_word' id='word_1_217' title='bbox 579 3672 662 3746; x_wconf 70' lang='lat' dir='ltr'><strong>&amp;in</strong></span> <span class='ocrx_word' id='word_1_218' title='bbox 676 3670 920 3761; x_wconf 79' lang='lat' dir='ltr'><strong>antiquilslmie</strong></span> <span class='ocrx_word' id='word_1_219' title='bbox 940 3669 1055 3744; x_wconf 82' lang='lat' dir='ltr'><strong>codd.</strong></span> <span class='ocrx_word' id='word_1_220' title='bbox 1069 3669 1201 3763; x_wconf 81' lang='lat' dir='ltr'><strong>scriptia</strong></span> <span class='ocrx_word' id='word_1_221' title='bbox 1221 3670 1285 3748; x_wconf 70' lang='lat' dir='ltr'><strong>vire</strong></span> 
     </span>
     <span class='ocr_line' id='line_1_35' title="bbox 339 3765 1287 3868; baseline 0.001 -26"><span class='ocrx_word' id='word_1_222' title='bbox 339 3769 608 3867; x_wconf 71' lang='lat' dir='ltr'><strong>dignoscendae.v</strong></span> <span class='ocrx_word' id='word_1_223' title='bbox 624 3769 790 3863; x_wconf 82' lang='lat' dir='ltr'><strong>Inprimis</strong></span> <span class='ocrx_word' id='word_1_224' title='bbox 816 3789 937 3846; x_wconf 82' lang='lat' dir='ltr'><strong>aurem</strong></span> <span class='ocrx_word' id='word_1_225' title='bbox 963 3766 1149 3863; x_wconf 79' lang='lat' dir='ltr'><strong>Analytica</strong></span> <span class='ocrx_word' id='word_1_226' title='bbox 1173 3765 1287 3868; x_wconf 63' lang='lat' dir='ltr'><strong>possef</strong></span> 
     </span>
    </p>
   </div>
   <div class='ocr_carea' id='block_1_12' title="bbox 0 0 1432 5024">
    <p class='ocr_par' dir='ltr' id='par_1_12' title="bbox 0 0 1432 5024">
     <span class='ocr_line' id='line_1_36' title="bbox 0 0 1432 5024; baseline 0 2"><span class='ocrx_word' id='word_1_227' title='bbox 0 0 1432 5024; x_wconf 95' lang='lat' dir='ltr'><strong> </strong></span> 
     </span>
    </p>
   </div>
  </div>
 </body>
</html>
