2862 5032
358 450 822 528 PRAEFATIO.
1012 469 1078 528 vn

127 619 250 692 senum
266 632 479 714 pervenerat
497 617 604 734 Quae
621 617 804 690 Camotius
827 617 874 688 de
895 639 999 710 opera
1016 615 1078 690 sua
1103 679 1105 683 ,
1139 601 1143 610 ’

128 717 325 812 praedicat,
341 717 398 804 se,
420 717 555 786 collatu
571 715 748 810 prioribus
770 713 1004 802 editionibus,
1024 717 1083 787 le«
1160 747 1165 757 ·
1207 779 1215 790 .

130 810 380 907 dlionibusque
393 813 608 884 Graecorum
630 814 869 908 'interpretum
897 813 1077 884 examina·

128 911 192 996 tis,
208 913 387 983 nonnullis
400 912 507 982 etiam
516 909 612 980 libris
627 908 726 980 MSS.
741 909 930 996 adhibitis,
944 911 1077 1002 proba·
1179 945 1181 950 ¹

128 1007 288 1079 tiffimam
317 1031 500 1102 quamque
526 1005 717 1078 leslionem
745 1005 941 1093 restituisse,
969 1031 1008 1078 ea
1029 1007 1080 1078 ad

130 1105 186 1174 Or
211 1107 267 1175 ani
288 1121 432 1176 text-um
456 1100 608 1196 speilare
637 1120 846 1197 nequeunti
873 1127 956 1174 narn
978 1103 1079 1175 hune'

128 1225 175 1272 ex
188 1129 316 1273 ildino
332 1201 454 1272 maiori
470 1202 610 1294 repetiit
628 1203 687 1270 vel
705 1226 788 1272 curn
807 1202 898 1272 vitiis
910 1219 1079 1297 typograa

127 1299 256 1392 phitio,
274 1297 306 1368 ic
319 1299 421 1369 studii
436 1313 596 1369 veterum
608 1299 821 1370 Graecorum
840 1298 1079 1391 interpretum

128 1419 176 1466 ne
188 1397 372 1486 vestigium
393 1395 541 1488 quidem
564 1413 715 1488 apparet.
730 1395 983 1466 Retensronem
996 1412 1077 1466 tex-s

128 1511 185 1562 tus
207 1482 372 1562 Aldinanr
394 1492 534 1586 excepit
554 1517 612 1578 ea,
657 1515 738 1562 uam
756 1492 915 1564 fecerunt
933 1491 1078 1562 Deside-

128 1588 614 1660 riusEnsmrrsRoterodanre
689 1588 880 1676 ‚iesimon
891 1589 1077 1684 Grynaeue

128 1685 167 1755 in
179 1685 334 1756 editione
346 1685 459 1781 prima
479 1685 658 1756 Bafileenfi
674 1711 710 1778 a„
722 1709 736 1756 r
744 1703 834 1780 531,
851 1711 923 1780 ope
943 1686 1077 1779 potissi·

127 1805 231 1854 mum
248 1784 353 1854 unius
369 1784 501 1879 Organi
519 1783 658 1853 Codicis
670 1785 837 1854 nondum
855 1785 900 1854 ab
912 1785 984 1854 aliis
999 1785 1076 1853 col·-
1174 1786 1180 1797 '

127 1881 197 1950 lati.
216 1879 314 1952 Haec
338 1880 487 1973 quidem
510 1895 647 1950 retente
668 1883 716 1952 est
739 1882 777 1950 in
799 1879 957 1951 editione
970 1883 1076 1951 altera

126 1975 304 2048 Bafileenfi
326 2003 356 2048 a.
388 1999 499 2068 1539,
515 1977 741 2070 eandemque
768 1977 960 2048 maximnm
992 1999 1075 2071 par-⁴
1181 2045 1191 2062 ,

128 2091 222 2161 tem,
239 2075 419 2150 nonnullis
434 2093 554 2145 tamen
570 2075 654 2146 locis
670 2075 822 2150 subinde
845 2071 1008 2161 muniis,
1024 2075 1075 2144 se-
1183 2161 1194 2174 ι

128 2189 231 2241 cutae
245 2172 342 2258 sunt,
361 2171 399 2241 id
417 2171 520 2264 quod
536 2196 658 2242 serum
674 2173 840 2243 sennium
857 2173 1075 2264 comparatio

125 2291 187 2338 rne
220 2267 366 2355 docuit,
398 2268 569 2338 editiones
598 2269 801 2354 Paridem,
838 2268 1076 2356 Hildeniane,

125 2361 378 2462 Sylburgitna,
396 2363 427 2434 8c
448 2365 729 2453 Caiaubonhm,
749 2365 803 2437 uti
826 2367 932 2436 etiam
956 2353 1076 2437 texilis

126 2461 281 2532 Graecus
304 2463 341 2532 in
367 2462 626 2532 commentariis
649 2463 1016 2550 Conimbricenlium‚
1042 2461 1075 2534 sc

125 2557 301 2654 Balfourei
320 2559 365 2630 ad
385 2579 462 2629 earn
486 2557 658 2652 expressus
677 2563 735 2630 west.
756 2560 915 2630 Tertiam
934 2559 1074 2657 Organi

126 2654 333 2725 Aristotelioi
350 2655 588 2726 recensionem
601 2656 747 2726 instituit
761 2655 976 2754 isingrinius,
990 2659 1075 2749 plu-

125 2753 220 2823 rium
237 2752 388 2822 aliorum
406 2753 564 2822 virorum
586 2748 795 2839 dodorurn,
808 2754 965 2844 inprimis
976 2754 1075 2824 Gon·

126 2849 200 2920 radi
220 2849 365 2920 Gesneri
383 2849 671 2920 annotationibus
692 2850 724 2920 tc
740 2851 888 2922 consiliis
907 2851 1073 2939 adiutus,

125 2947 163 3016 in
182 2946 236 3016 ed.
250 2945 347 3016 Balil.
360 2947 461 3018 tertii
482 2971 510 3015 a.
533 2967 546 3014 r
554 2969 643 3036 5503
664 2951 723 3017 cui
743 2948 902 3040 denique
919 2948 1074 3021 successit

125 3061 250 3135 quarta
265 3044 344 3113 iulii
362 3045 484 3114 Paciia
499 3042 638 3141 derige,
654 3069 761 3137 quarn
777 3045 814 3116 in
828 3045 983 3116 editione
996 3047 1074 3117 Dn-

75 3194 81 3206 .
125 3141 273 3210 valliano
291 3142 451 3238 legimus.
474 3141 552 3210 Hae
572 3142 680 3237 igitur
702 3139 918 3236 potissimum
934 3144 1072 3214 editio-

125 3261 204 3324 nes,
219 3239 256 3306 in
268 3239 400 3330 quibus
414 3255 532 3309 tentus
550 3239 684 3334 Organi
696 3242 919 3333 aliquantum
930 3241 1073 3313 immu-

124 3347 219 3406 tatus
232 3335 295 3421 est,
308 3335 445 3406 summa
461 3337 639 3432 diligentia
651 3363 673 3407 a
690 3362 749 3407 me
762 3337 917 3410 excussae
927 3337 1020 3437 sunt.
1035 3350 1040 3359 '

200 3432 372 3536 Quamvis
390 3433 596 3530 Sylburgius
616 3457 748 3504 novam
766 3451 883 3505 textru
901 3435 1072 3506 recensio*

123 3551 209 3599 nem
237 3527 350 3599 fecisse
374 3529 474 3600 sensu
491 3526 606 3602 strido
629 3531 699 3601 diri
723 3553 800 3602 non
821 3531 942 3625 possit,
969 3535 1071 3626 plura
1159 3581 1163 3590 ·

123 3643 245 3696 tanen
269 3627 346 3712 ille,
363 3649 474 3720 quam
500 3651 624 3700 omnes
638 3627 874 3722 &superiores
894 3629 926 3699 8c
947 3651 1071 3701 recen-

123 3725 231 3792 tiores
242 3722 440 3794 ’Aristotelis
464 3726 633 3812 ennoea,
655 3725 854 3818 praestitisse
872 3727 985 3798 videri
1005 3727 1070 3798 de·

123 3819 199 3894 bet.
227 3821 391 3893 Contulit
415 3823 614 3895 editionem
636 3823 777 3924 Orgrni
803 3825 1070 3915 (innodamur,

497 3962 506 3975 .
812 3948 832 4000 ὃ
855 3947 881 4016 4
