2856 5038
298 369 302 378 ’
387 419 459 472 110·
582 393 1142 472 iiiouiiuu‘ruii

422 521 562 587 Indusiio
582 523 627 585 eli
642 543 768 606 quoque
788 523 975 608 syllogismus
997 541 1035 587 et
1056 524 1338 605 induitionem

371 623 437 688 per
455 605 581 670 alierum
604 620 789 681 extremum,
816 605 901 689 quod
921 605 1050 670 alterum
1076 623 1246 672 extremum
1272 629 1340 674 me-

381 688 435 749 dio
453 685 539 761 insit,
557 686 710 768 probatur.
755 724 758 732 ·

421 765 799 908 ¹⁰313¹d²¹ffi⁰¹¹⁹⁰p⁰m
819 784 857 828 ex
880 767 1021 830 omnibus
1050 766 1250 851 singularibus
1269 770 1338 854 lieri

381 849 617 1010 τοξξΙΙοίέἰιίεηῐιῃιᾸε
636 947 674 990 ex
696 927 870 996 induitione
891 927 934 990 esi
974 931 1067 994 rimae
1090 931 1339 995 &immediatae

379 1007 877 1154 iiiiiiiii-iiiuliumrum
894 949 1026 1074 ‘fu‘
1050 1010 1111 1088 ψ’
1130 1011 1180 1076 ³¹¹²
1199 1031 1256 1096 Μ
1269 1031 1338 1076 ⁰²²*

421 1110 616 1252 Syllggisiigilus
632 1112 688 1254 pe?
701 1172 831 1233 medium
847 1172 992 1234 maiorem
1009 1171 1119 1234 minori
1134 1175 1270 1237 termino
1292 1177 1338 1238 iri·

381 1250 443 1312 esse
461 1251 623 1328 monstrat,
644 1251 780 1316 indubio
800 1269 879 1314 veto
895 1269 950 1346 per
970 1254 1093 1316 tertium
1112 1251 1163 1316 seu
1183 1257 1337 1318 minorem

381 1349 566 1408 extremum,
589 1332 641 1396 seu
661 1334 806 1396 maiorem
827 1333 927 1394 medio
941 1331 1035 1394 inesse
1049 1333 1169 1416 probat.

346 1485 352 1494 Ι
421 1413 536 1476 Naturi
553 1416 637 1498 prior
655 1416 687 1478 δι
707 1415 810 1476 notior
829 1412 873 1474 esi
893 1411 1099 1496 syllogismus,
1116 1415 1170 1495 qui
1212 1433 1246 1478 er
1267 1435 1336 1479 me-

369 1493 464 1558 ·dium
481 1495 594 1578 aliquid
613 1497 741 1580 probat,
756 1492 892 1558 indubio
905 1511 983 1558 vero
994 1494 1084 1559 nobis
1097 1515 1126 1558 m
1167 1497 1173 1510 “
1190 1495 1296 1560 estior.

403 1642 410 1657 '
534 1651 536 1654 ’
612 1644 698 1737 Cap.
723 1642 855 1716 XXIV.
875 1641 929 1712 Dr
949 1643 1100 1740 exemplo.

420 1761 597 1848 Exemplum
618 1783 697 1827 vero
711 1763 773 1840 est,
791 1765 913 1850 quando
933 1763 1036 1827 medio
1052 1779 1220 1829 extremum
1237 1764 1336 1828 inesse

370 1845 570 1924 ostenditur,¹
585 1863 639 1929 per
653 1845 764 1930 aliquid
777 1843 870 1906 simile
889 1847 989 1908 tertio.

368 1937 372 1946 ·
419 1925 554 2009 Oportet
567 1927 647 1988 enim
660 1928 690 1987 iii
704 1927 938 2022 paradigmatice
953 1925 1184 2022 probatione&
1199 1925 1334 1990 medium

378 2009 489 2084 terti0‚
509 2008 541 2070 bi
557 2007 685 2091 primum
703 2005 769 2090 ipso
793 2005 878 2072 simili
897 2023 1000 2070 notius
1017 2005 1095 2083 esse,
1117 2006 1200 2089 quod
1225 2006 1275 2070 sit.

419 2087 531 2151 Eadem
554 2087 597 2150 est
625 2091 724 2165 ratio,
747 2086 770 2150 fi
795 2104 849 2170 per
876 2087 963 2172 plura
985 2085 1089 2150 similia
1117 2089 1261 2172 probatio
1281 2087 1336 2152 fiat

379 2171 508 2231 extremi
527 2168 564 2230 de
586 2170 697 2232 medio.
968 2167 975 2186 '

326 2279 334 2292 ·
419 2247 613 2312 Manifestum
637 2249 698 2326 esi,
713 2249 883 2334 exemplum
901 2267 958 2312 nec
976 2265 1011 2312 ut
1031 2264 1131 2312 torum
1143 2249 1182 2311 ad
1196 2265 1335 2332 partem,

378 2348 436 2392 iiec
455 2347 489 2393 ur
503 2347 618 2413 partem
635 2331 672 2392 ad
688 2347 788 2392 totum
809 2329 871 2392 sese
887 2330 1019 2406 habere,
1037 2327 1086 2390 sed
1103 2347 1138 2392 ui
1155 2348 1273 2413 partem
1294 2330 1333 2392 ad

265 2415 267 2422 “
378 2425 514 2493 partem,
532 2411 656 2493 quando
675 2427 804 2494 utraque
827 2412 948 2495 quidem
963 2427 1052 2474 erunt
1067 2409 1122 2474 sub
1142 2411 1271 2487 eodem,
1286 2411 1332 2476 al·

378 2509 477 2554 terum
495 2510 573 2554 vero
594 2493 707 2554 notius.

417 2571 468 2635 Ab
487 2571 661 2636 indubbione
683 2569 784 2636 differt
804 2572 993 2657 exemplum,
1015 2572 1099 2655 quod
1122 2571 1257 2636 indubio
1278 2591 1332 2656 pet

377 2655 480 2716 omnia
512 2653 669 2738 singularia
689 2672 858 2718 extremum
880 2653 1010 2717 ostendit
1035 2651 1128 2715 inesse
1156 2653 1282 2728 medio,
1300 2655 1333 2716 δι

377 2734 415 2796 ad
446 2751 614 2798 extremum
639 2754 701 2798 iioii
718 2733 882 2800 eometiit
907 2733 1127 2818 syllogismum,
1159 2733 1331 2818 exemplum

377 2833 457 2956 tpero
474 2819 565 2958 eppam
587 2815 759 2894 comesti,
779 2818 813 2880 ἀ
830 2835 893 2880 non
916 2835 954 2878 ex
976 2815 1116 2879 omnibus
1133 2814 1332 2900 singularibus

399 2913 490 2958 emon
516 2913 573 2959 iui.
1367 2917 1371 2924 ·

591 3029 675 3123 Cap.
700 3028 817 3099 XXV.
843 3020 898 3099 De
925 3029 1120 3099 abdusii'orie.

418 3144 552 3208 Alduoio
562 3145 624 3222 est,
640 3145 763 3227 quando
778 3145 879 3209 medio
914 3147 1021 3209 timum
1036 3143 1130 3207 inesse
1140 3143 1331 3212 manifestum

377 3225 442 3304 est,
460 3225 492 3289 tit
514 3233 651 3290 extremo
672 3226 803 3290 medium
829 3229 878 3290 ine
904 3245 921 3288 e
941 3227 1103 3290 obscurum
1122 3226 1246 3308 quidem
1263 3228 1331 3304 est,

367 3309 408 3370 ‘at
426 3326 524 3391 aeque
542 3325 670 3385 tiorum,
692 3324 745 3372 aut
764 3309 867 3371 notius
885 3309 975 3370 etiam
994 3293 1200 3370 concsulione.

417 3387 574 3452 Praeterea
595 3389 629 3451 δι
646 3389 694 3451 illa
712 3387 932 3466 abducimur,
952 3388 1074 3472 quando
1097 3389 1242 3468 pauciora
1262 3407 1331 3450 me-

377 3469 426 3531 dia
447 3467 567 3536 fuerint,
582 3472 780 3533 connexionis
799 3472 926 3533 extremi
942 3472 975 3533 δι
996 3468 1107 3545 medii,
1127 3488 1197 3531 cum
1217 3470 1250 3536 δι
1272 3469 1329 3534 liae

377 3552 495 3615 ratione
513 3553 668 3635 contingat
685 3553 779 3634 magis
797 3553 1039 3636 appropinquare
1058 3549 1208 3614 scientiae.

366 3781 371 3788 ,
546 3795 550 3804 Ι
594 3699 678 3794 Cap.
704 3698 837 3770 XXVI.
868 3699 923 3770 De
947 3699 1108 3794 irfianiia.

414 3817 546 3902 Instanti'a
560 3815 604 3880 eli
624 3815 794 3903 propositio
809 3815 1010 3902 propositioni
1031 3815 1194 3880 commit.
