2814 5030
171 401 907 481 ·nunctT1couuu
986 431 1053 504 ης

99 540 338 624 ¹consequendae
353 541 515 602 rationein:
534 541 565 600 in
580 539 757 603 definitione
772 555 875 604 notam
890 537 950 602 elie
963 559 1055 625 opor-

102 640 151 685 tet
163 622 307 684 essentiae
326 619 567 702 explicationeni.

146 703 213 765 Nec
229 702 504 798 disputationibus,
526 718 584 763 nec
605 699 834 764 definitionibus
859 701 1054 797 metaphorae

101 800 305 848 conveniunt.

156 967 240 1062 Cap.
254 967 356 1040 XVI.
374 965 428 1038 De
451 963 670 1041 concludentis
684 966 933 1064 problematibus
945 985 1006 1064 per
1062 1061 1068 1069 Ι

471 1077 693 1173 definitionem.

150 1211 194 1280 Ut
213 1207 403 1300 quaestiones
420 1205 580 1280 dissultare
595 1215 752 1302 possimus,
771 1235 895 1304 oportet
910 1237 967 1284 nos
986 1219 1055 1284 sels-

107 1317 181 1439 ffere
197 1297 358 1362 divisiones
374 1301 407 1363 oa
422 1298 659 1375 subdiviswnes,
676 1303 717 1363 ita
734 1318 836 1363 autem
857 1300 1000 1384 seligere,
1011 1309 1056 1364 'ut
1186 1327 1188 1332 ’

125 1400 166 1462 up
188 1395 299 1442 onatur
316 1398 409 1462 genus
428 1397 588 1442 commune
608 1385 754 1443 oninium.

227 1475 287 1523 rtet
301 1463 390 1522 etiam
407 1481 463 1524 nos
479 1480 695 1544 nonnunquam
710 1461 872 1526 secundum
888 1461 1055 1546 analogiam
1115 1536 1119 1558 ¹

14 1545 20 1552 '
111 1540 223 1624 eligere
237 1541 399 1604 divisiones
413 1543 446 1604 dt
459 1541 659 1604 definitiones.

161 1725 247 1819 Cap.
264 1719 382 1800 XVII,
403 1723 458 1798 De
478 1727 632 1796 relatione
654 1725 768 1820 causae
787 1727 831 1798 ool
853 1719 1007 1823 effilim.

151 1863 250 1928 Causa
278 1869 362 1950 prior
376 1865 419 1928 est
441 1860 561 1930 effedu.

151 1945 250 2010 Causa
264 1947 441 2022 exsistente,
456 1946 573 2010 necesse
592 1946 635 2009 esi
649 1965 712 2010 rern
729 1937 885 2024 exsistam
900 1963 932 2009 at
953 1959 986 2009 're
1004 1964 1059 2010 ex·

111 2027 251 2104 sistente,
265 2047 328 2090 non
342 2025 461 2091 necesse
478 2027 521 2089 est
532 2041 621 2091 otnne
634 2029 682 2104 id,
699 2029 781 2110 quod
793 2041 977 2110 quoeunque
990 2049 1058 2090 mo·
1192 2027 1196 2036 '

112 2109 155 2172 do
174 2107 262 2172 musa
280 2107 390 2186 suerit,
411 2109 571 2183 exsistere,
586 2108 637 2170 sed
658 2107 777 2171 causam
795 2110 916 2191 ¹quidem
934 2109 1057 2171 exsiste·-

114 2207 148 2252 te
168 2185 285 2253 necesse
299 2189 361 2266 esi,
383 2201 489 2252 'verum
513 2209 575 2251 non
591 2197 722 2252 omneni.

154 2269 377 2334 consideranda
398 2271 441 2332 est
461 2269 566 2346 causa,
582 2269 828 2334 confidetaudutu
848 2269 899 2347 id,
915 2270 1002 2332 cuius
1014 2268 1059 2332 est

114 2349 222 2429 causa,
237 2351 269 2414 &
291 2351 338 2428 id,
356 2351 406 2413 cui
424 2347 577 2414 causaest.
1020 2420 1023 2426 Δ

154 2429 388 2515 consequuntur
406 2433 484 2494 inter
500 2429 530 2494 se
548 2430 655 2509 causa,
674 2431 707 2496 or
726 2431 774 2505 id,
790 2433 877 2494 cuius
890 2429 933 2492 ess
951 2429 1058 2510 causa,

114 2513 149 2575 dt
170 2513 221 2588 id,
241 2516 291 2577 cui
310 2513 353 2575 esi
373 2513 446 2576 caus
462 2557 471 2575 .
1130 2519 1133 2530 '

155 2594 292 2657 Medium
311 2593 355 2654 est
370 2592 630 2658 demonstrationis
647 2593 783 2656 definino
798 2595 919 2655 maioris
930 2593 1059 2655 termini.

155 2673 272 2738 Omnes
287 2672 426 2736 scientiae
443 2691 497 2757 per
514 2673 720 2736 definitionem
735 2673 822 2736 fiunt.

116 2830 136 2895 d
157 2755 224 2897 Fitff
242 2773 284 2852 ut·
294 2754 424 2816 eiusdem
439 2757 483 2817 rei
500 2753 600 2840 plures
618 2754 674 2817 sunt
692 2753 817 2834 causae,
835 2753 886 2817 sed
902 2771 965 2816 non
980 2752 1059 2818 eius-

138 2852 186 2896 em
240 2854 316 2898 ecte.

157 2857 254 2979 CauIa
271 2917 405 3000 proxitna
421 2918 585 2999 unicuique
601 2918 729 2979 inanime
746 2915 833 2980 causa
854 2915 908 2980 est.

158 2995 256 3078 Quod
273 2999 442 3082 proximum
461 2996 498 3059 fit
513 2997 567 3060 sub
581 2999 808 3074 universali‚'ea
820 3017 893 3060 vera
907 2995 994 3060 causa
1005 2993 1060 3060 est.

156 3077 385 3142 Demonsirado
401 3080 434 3142 &
446 3077 569 3141 scient'ta
582 3079 816 3144 demonstrativa
828 3081 909 3140 idem
926 3077 1003 3141 sunt.

165 3271 249 3364 Cap.
268 3269 397 3342 XVIII.
417 3269 470 3340 De
490 3273 613 3363 origine
628 3274 762 3340 notitiae
774 3273 1012 3367 principiorum.
1109 3237 1113 3244 Ι

157 3415 230 3479 Νοη
246 3414 345 3500 potest
360 3417 428 3498 quis
447 3432 501 3500 pet
520 3412 804 3477 demonstrationem
821 3412 932 3495 aliquid
948 3431 1060 3496 cogno·

119 3497 220 3574 scere,
239 3499 290 3560 cui
305 3515 368 3559 non
388 3497 444 3560 sint
464 3514 537 3559 nota
552 3498 646 3592 prima
667 3497 837 3558 immediata
853 3497 1006 3578 principia.

159 3577 288 3642 Necesse
302 3577 365 3653 est,
387 3579 487 3641 omnia
512 3577 650 3640 animalia
675 3577 787 3638 habere
810 3578 872 3638 vim
894 3577 1061 3658 quandam,

115 3678 182 3726 eon
195 3676 294 3720 tamen
310 3658 416 3734 talem,
428 3659 524 3741 qualis
537 3659 669 3721 divinior
679 3656 722 3719 est
735 3659 852 3719 ratione
865 3657 1061 3720 certitudinis.

160 3738 272 3802 Omnia
306 3739 446 3802 animalia
473 3741 538 3802 vim
566 3739 677 3801 habent
705 3755 865 3801 connatam
891 3740 1061 3812 iudicandi,

120 3839 210 3902 quam
225 3835 337 3882 vocant
357 3817 484 3883 sensum.

198 3927 306 4012 Anssot.
329 3929 391 3990 Vol.
414 3929 454 3990 sl.
864 3925 881 3989 I
