2862 5032
233 455 237 464 Ι
337 381 391 456 μ
501 355 1096 433 'ARGUMENTUM

338 528 453 628 (lapp.
472 531 591 606 XXIII
615 501 749 607 XXlll.
778 535 830 607 De
849 539 996 634 dr'vfionc
1012 541 1299 638 syllogismorum,

515 671 680 740 eorumque
698 646 856 739 qualitate
879 649 911 715 o
932 651 1123 740 quantitate.

336 795 346 832 f
379 778 490 846 Omnis
511 783 726 847 demonstratio
748 785 778 846 u
795 787 893 847 omnis
912 783 987 864 syll'
1009 784 1100 848 'smus
1116 801 1187 861 aut,
1215 785 1296 848 ines-

339 863 372 928 se
388 865 521 946 aliquid,
543 881 616 940 aut,
640 885 702 928 nou
717 865 838 942 inesse,
864 867 975 927 demon
1001 885 1034 927 ra
1056 913 1065 943 ,
1089 867 1121 928 δι
1138 867 1220 942 hoc,
1241 885 1297 930 aut

338 943 569 1022 universaliter,
586 962 639 1008 aut
665 947 900 1028 particulariter,
925 947 978 1023 dc,
994 963 1048 1018 aur
1069 946 1151 1012 tella
1177 949 1296 1032 proba-

338 1029 443 1101 iione,
464 1043 516 1087 aut
535 1044 573 1087 ex
594 1027 764 1108 hypothesi.
1286 1083 1292 1097 ,

338 1105 577 1252 ὖὸιγῌοςὶἷιιιιιε
594 1128 648 1192 per
664 1105 839 1192 imposlrhlle
857 1128 926 1193 pars
948 1107 991 1172 esi
1006 1108 1169 1194 syllogismi
1189 1109 1297 1194 hypo-

377 1204 457 1250 etrcr.
825 1203 828 1208 “

382 1267 587 1332 Necessarium
611 1269 654 1332 est
673 1271 703 1335 in
728 1267 902 1352 syllogismo
918 1269 1031 1352 aliquid
1056 1269 1132 1334 sumi
1150 1271 1188 1332 ad
1206 1290 1297 1335 urra-

340 1369 402 1434 que
426 1367 558 1412 extrema
578 1371 757 1428 commune,
776 1353 866 1434 idque
882 1351 979 1414 tribus
1001 1351 1099 1414 modis
1124 1351 1191 1415 fieri
1214 1373 1297 1416 con-

343 1433 451 1516 tinglt3
470 1449 523 1495 aut
550 1435 629 1494 cuim
652 1436 710 1509 ita,
732 1448 766 1496 ut
788 1432 920 1494 medium
944 1433 1051 1494 maiori
1069 1431 1243 1497 subiiciatur
1260 1435 1297 1509 ὃς
1413 1453 1414 1476 l

340 1513 381 1574 tle
402 1513 518 1574 minore
531 1515 740 1608 praedicetur,
759 1531 812 1576 aut
831 1529 865 1575 ut
880 1513 917 1574 de
936 1530 1068 1596 utroque
1084 1517 1297 1598 praedicetur,

341 1611 397 1658 aut
422 1614 456 1658 ur
479 1613 600 1676 utrique
626 1594 809 1658 subiiciatur.
835 1596 899 1657 Hae
927 1614 1013 1656 aurem
1044 1597 1125 1656 diuae
1154 1615 1204 1656 tres
1225 1595 1298 1678 suut

410 1698 451 1736 ae.
845 1733 855 1742 ,

336 1678 499 1817 lqgllmnes
517 1753 677 1837 syllogismi
693 1773 748 1839 per
762 1753 938 1838 impossibile
957 1755 1173 1820 concludentes
1186 1755 1296 1820 fulsum

341 1837 464 1918 quidem
483 1835 646 1918 colligunt,
667 1837 853 1920 propositum
872 1853 974 1898 autern
995 1855 1032 1898 ex
1056 1837 1217 1920 hypothesi
1236 1839 1297 1900 de-

341 1917 526 2058 mo‘psgrant,
544 1919 627 1999 quod
646 1915 822 2002 impossibile
839 1918 912 2000 quid
927 1918 1069 2000 sequatur
1083 1915 1205 1982 admissa
1221 1937 1298 1982 con·

341 2014 420 2061 nar
447 2018 525 2060 ona,

383 2077 499 2142 Omnes
516 2077 676 2162 syllogismi
694 2097 732 2142 ex
752 2076 921 2164 impossibili
942 2097 997 2163 per
1019 2078 1112 2142 dislns
1130 2095 1191 2142 tres
1211 2079 1233 2142 si
1276 2112 1295 2128 -

343 2179 393 2224 ras
414 2159 656 2237 concluduntur3
676 2160 809 2223 similiter
826 2179 904 2223 vero
922 2163 1014 2224 etiarn
1032 2160 1083 2223 ulii
1101 2179 1209 2224 omnes
1241 2161 1296 2241 yl-

396 2240 460 2304 ‘smi
479 2261 517 2303 ex
535 2242 705 2326 hypothesi.

398 2343 419 2384 n
438 2321 561 2404 reliquis
581 2343 618 2384 ex
642 2321 803 2406 hypothesi
828 2321 1080 2386 concludentibus
1106 2321 1163 2402 syll
1203 2321 1296 2394 'smrrs

343 2402 444 2550 iffi
454 2401 637 2546 assurprpm
656 2421 687 2466 ar
704 2405 884 2488 principium
901 2404 1012 2488 pendet
1028 2423 1047 2466 a
1064 2403 1155 2468 conse
1189 2424 1225 2482 u,
1241 2422 1296 2470 aut

344 2506 353 2520 ·
510 2503 560 2547 te
587 2531 595 2548 .
1288 2525 1291 2536 ·

384 2565 422 2628 ln
440 2504 581 2630 ‹lilrlribus
592 2565 696 2650 figuris
714 2563 833 2627 necesse
851 2563 894 2626 est
904 2565 1035 2648 aliquem
1055 2567 1216 2629 terminum
1231 2568 1298 2630 uni·

345 2646 502 2711 versalirer
520 2647 613 2726 sumi,
634 2647 667 2712 δι
688 2645 819 2729 aliquem
841 2643 903 2710 eise
928 2648 1090 2714 terminum
1115 2646 1298 2712 offirmative

345 2727 642 2872 su'llllrmulnivrrsulis
657 2808 804 2890 quaedem
821 2809 853 2870 in
865 2783 1039 2902 syllogismo
1054 2808 1091 2871 stt
1109 2807 1298 2904 propositio,

346 2906 401 2956 aut
416 2889 604 2974 syllogismus
618 2892 744 2952 omnino
758 2909 821 2952 nou
836 2907 914 2966 ent,
928 2907 982 2954 aur
1000 2909 1064 2954 non
1081 2907 1139 2952 ent
1158 2890 1198 2952 ad
1220 2909 1299 2974 pro-

346 2970 496 3056 positum,
513 2989 568 3034 aut
581 2972 761 3054 principium
776 2985 908 3067 petetur.

389 3051 575 3116 Universalis
592 3051 761 3136 propositio
777 3049 905 3114 utsemur
927 3069 965 3114 ex
983 3051 1117 3134 utrisque
1136 3051 1300 3147 praemisit

347 3132 587 3210 universalibus3
605 3149 636 3196 at
674 3133 841 3198 articularis
859 3133 892 3201 &
906 3132 966 3196 hoc
981 3133 1074 3196 modo
1096 3133 1129 3196 δι
1143 3133 1215 3214 rllo,
1235 3135 1298 3198 viz.

348 3213 373 3280 fi
394 3214 489 3277 altera
504 3231 620 3278 tanturn
650 3231 674 3276 rt
690 3213 878 3277 universalis.
1016 3257 1022 3269 t

387 3293 424 3356 ln
435 3297 518 3358 omni
535 3295 591 3376 syll
633 3294 706 3358 'smo
721 3313 774 3359 aut
786 3311 963 3376 utramque,
979 3310 1033 3358 aut
1043 3293 1218 3360 alterutram
1228 3313 1301 3379 pror

347 3375 530 3460 pofitionern
600 3379 606 3392 '
620 3397 668 3440 em
687 3375 747 3438 effe
763 3375 884 3450 necesse
899 3375 942 3440 esi
960 3376 1159 3441 conclusioni.

348 3557 459 3652 Capp.
475 3557 610 3629 XXIV.
625 3557 740 3629 XXV.
750 3556 805 3628 De
817 3585 946 3629 numero
963 3563 1168 3629 dominorum
1183 3562 1216 3629 d
1222 3585 1302 3659 pro·

393 3667 585 3767 postrionum
605 3669 638 3736 in
654 3667 871 3764 syllogffmis,
898 3667 985 3737 drde
995 3667 1254 3766 prosyllogismir.

387 3807 498 3875 Omnis
514 3805 730 3872 monstratio
755 3805 791 3873 fit
813 3825 852 3872 ex
876 3808 974 3874 tribus
1001 3825 1120 3876 nonunt
1145 3811 1304 3888 terminis,
