2856 5038
366 412 433 483 130
494 383 840 458 nnouunurum
863 381 1267 462 nunntmconum.

400 519 478 582 Cum
501 517 662 582 secundum
689 517 806 580 sensum
833 521 991 602 perceptio
1016 519 1097 584 facia
1117 523 1178 601 esi,
1197 526 1229 586 in
1249 525 1316 588 aliis

361 600 503 662 sensibilis
518 599 685 682 permansio
707 599 760 674 fit,
778 600 810 660 in
826 598 892 660 aliis
905 615 968 662 non
986 603 1068 664 item.

359 761 378 822 s
401 680 529 774 Quibus¹
545 682 688 775 memoria
711 698 774 742 non
793 678 857 755 eil,
874 679 920 742 his
938 681 1021 744 nulla
1044 682 1089 744 esi
1106 701 1227 766 praeter
1242 684 1312 746 sen-

373 781 423 824 um
444 781 482 822 co
504 779 587 823 nitro.
889 809 892 818 .
1191 816 1197 827 .

399 781 670 903 Aliisganimalibus
697 857 733 900 ex
757 838 967 922 permansione
988 842 1093 906 talium
1117 844 1313 929 singularium

359 925 520 984 notionum
539 924 616 982 tatio
637 921 691 996 fit,
711 919 777 982 aliis
798 940 860 981 non
881 920 927 982 fit.

399 1003 443 1064 Ex
454 999 548 1096 'sensu
567 1001 600 1064 fit
621 1002 766 1064 memoria
774 1022 785 1076 3
811 1019 849 1062 ex
872 1001 1017 1065 memorii
1045 1002 1178 1067 eiusdem
1204 1005 1314 1068 crebri

360 1101 398 1144 er
420 1101 555 1144 enentra.

399 1105 444 1238 ἐκ
467 1161 725 1247 experientiam,
750 1159 912 1226 universali
936 1163 1109 1246 quiescente
1130 1167 1312 1244 inanima,

358 1246 537 1326 principium
556 1245 628 1306 artis
643 1245 675 1306 liz
691 1241 842 1304 scientiae.
1095 1251 1106 1264 '¹

400 1326 529 1387 Habitus
554 1325 770 1407 principiorum
797 1343 859 1385 non
887 1322 1019 1388 suntab
1046 1325 1112 1388 aliis
1136 1325 1313 1402 habitibus,

359 1405 409 1468 sed
430 1425 447 1466 a
468 1404 561 1470 sensu.

398 1485 509 1548 Anima
525 1485 631 1548 naturai
648 1483 700 1549 sui
713 1485 774 1546 tale
786 1484 857 1567 quid
875 1487 938 1568 pari
959 1484 1065 1568 potest.

397 1567 497 1709 Ipspsrn
514 1569 693 1651 particulare
708 1565 852 1643 sentitur,
870 1584 901 1628 at
915 1565 1010 1629 sensio
1025 1565 1068 1628 cll
1078 1567 1215 1650 imaginis
1239 1572 1311 1632 uni·

358 1666 445 1710 vera
484 1692 491 1709 .

307 1768 311 1777 ·
396 1729 493 1789 Prima
512 1747 585 1812 ergo
611 1727 834 1811 cognoscuntur
857 1725 1041 1789 induslione.

396 1809 546 1885 Habitus,
586 1810 674 1872 uibus
693 1809 804 1890 aliquid
827 1809 892 1870 veri
916 1808 1145 1892 cognoscimus,
1164 1827 1217 1876 aut
1237 1814 1309 1875 veri
1418 1862 1419 1872 ,

356 1887 444 1965 sunt,
462 1907 515 1956 aut
534 1830 638 1956 lasum
658 1891 817 1973 recipiunt.

396 1970 471 2032 Veri
494 1968 608 2054 semper
636 1971 755 2033 habitus
783 1968 851 2034 sunt
875 1967 998 2032 scientia
1024 1971 1057 2034 δι
1083 1969 1280 2054 intelligentia
1294 2019 1309 2050 ,

356 2049 461 2113 salsum
479 2049 640 2134 suscipiunt
663 2072 683 2113 o
705 2052 818 2115 inio&
841 2047 979 2132 suspicio.

356 2211 376 2274 fi
396 2131 468 2226 Non
491 2131 533 2193 est
552 2132 645 2196 ullum
681 2131 791 2195 cientia
814 2133 926 2194 certius
952 2149 1070 2214 genus,
1097 2152 1186 2215 quam
1209 2135 1305 2196 intel-

397 2230 487 2274 enna.

377 2232 541 2376 gPrincipia
559 2291 630 2374 ipsis
647 2290 949 2354 demonstrationibus
962 2295 1083 2356 notiora
1094 2291 1154 2356 esse
1165 2311 1302 2378 oportet.
1342 2294 1348 2302 '

393 2371 502 2436 Omnis
522 2371 644 2436 scientia
665 2372 709 2434 est
724 2373 939 2456 principiorum
962 2373 1124 2437 secundum
1151 2377 1301 2438 rationem

355 2453 392 2514 ad
413 2453 635 2517 conclusionem
660 2454 964 2516 accommodatorum.

394 2533 593 2618 Intelligenria
611 2554 674 2598 non
688 2535 731 2598 esi
749 2533 881 2596 scientia.

393 2613 592 2697 intelligentia
610 2615 654 2678 esl
680 2616 799 2678 habitus
816 2615 1045 2712 principiorum.

393 2696 423 2758 Si
448 2700 545 2760 omnis
568 2699 702 2779 cognitio
730 2697 946 2792 principiorum
967 2697 1006 2758 ad
1026 2695 1300 2771 ,demonstrationes

305 2769 313 2780 '
354 2776 445 2840 irase
464 2777 724 2853 habet‚omn1u1n
747 2779 841 2861 princi
864 2794 962 2840 totum
980 2779 1115 2860 cognitio
1135 2779 1177 2841 ita
1194 2779 1231 2841 ad
1249 2781 1299 2856 in·⁴
1419 2859 1420 2862 Ἴ

354 2874 466 2940 tegnam
484 2857 701 2942 philosophiam
723 2858 784 2926 sese
864 2857 936 2940 chit.
