2814 5030
345 461 413 514 102
537 431 1110 508 ARGUMENTUM

341 589 405 634 non
426 565 498 632 licet
523 570 690 647 reducere,
711 569 761 633 sed
790 569 881 654 ipsam
909 569 1030 651 quidem
1056 568 1092 630 ad
1119 565 1331 652 impollibile

341 650 552 714 dedudlionent
577 652 723 714 reducere
748 651 839 727 licet,
858 669 929 712 cunt
951 648 1125 732 syllogismo
1153 649 1323 712 ostenda-

341 747 411 808 tut3
428 732 555 795 alterum
574 751 652 812 veto
678 750 740 795 non
764 733 854 808 licet,
873 750 943 793 cunt
961 732 1000 792 ab
1021 729 1185 816 hypothesi
1222 729 1323 794 illius

224 831 226 838 ·
341 810 498 879 necessitas
520 813 658 896 pendent.

381 891 540 975 Dissentnt
566 891 728 989 syllogismi
748 893 786 954 ad
811 893 851 953 int
895 889 986 953 dibile
1012 891 1045 954 δι
1067 891 1176 974 reliqui
1194 892 1321 974 hypo·

302 987 309 998 ·
341 974 467 1050 thetici,
485 975 569 1056 quod
594 975 624 1035 in
648 975 723 1050 tilis,
742 972 765 1035 st
785 975 838 1054 qui
859 989 907 1034 em
934 971 1090 1034 conclusio
1108 972 1214 1035 futura
1245 971 1318 1048 stt,

342 1069 466 1137 oportet
481 1057 566 1148 ptius
584 1053 813 1138 respondentem
835 1051 993 1129 confiteri,
1013 1054 1044 1114 in
1062 1052 1109 1116 his
1132 1069 1240 1116 autent
1264 1057 1317 1118 ad

342 1131 519 1218 imposibile
536 1135 734 1210 ducentibus,
752 1133 866 1198 etiamst
887 1135 970 1218 prius
985 1153 1048 1196 non
1062 1133 1219 1198 consessus
1234 1133 1317 1199 fue·

342 1217 402 1292 rit,
420 1215 579 1295 admittet,
598 1218 668 1299 quia
687 1215 792 1280 salsum
810 1213 1000 1280 ntan'tsellutn
1015 1214 1062 1280 stt.

343 1392 428 1490 Cap.
445 1395 618 1468 XXXIX.
641 1393 696 1466 De
721 1395 905 1490 resolutione
915 1395 1175 1492 syllogismorum
1199 1399 1314 1466 unius

551 1557 556 1570 .
642 1511 780 1604 figurae
807 1509 840 1576 in
869 1508 977 1576 eliam.

383 1665 477 1748 Quae
505 1667 537 1730 in
560 1665 695 1751 pluribus
720 1667 824 1748 figuris
844 1666 1067 1730 concluduntur
1086 1665 1310 1748 problemata,

342 1747 367 1812 st
384 1767 445 1812 una
460 1747 557 1830 figura
573 1745 761 1832 syllogismus
780 1745 962 1811 constitutus
980 1746 1033 1822 stt,
1050 1745 1206 1831 possumus
1225 1763 1308 1810 eum

343 1829 375 1890 in
391 1829 477 1891 aliam
496 1828 650 1893 reducere.

383 1907 553 1992 Syllog'tsnti
574 1911 606 1972 in
627 1908 757 1972 secunda
777 1907 872 1992 figura
901 1907 1086 1971 universales
1107 1907 1307 1972 reductuttur

342 1987 375 2052 in
417 1992 541 2067 rimam,
559 2008 591 2054 at
609 2009 626 2052 e
648 1989 879 2074 particularibus
895 1991 972 2052 alter
989 2005 1117 2052 tanntm.

404 2070 629 2154 yllogistnortun
655 2073 763 2136 tertiae
783 2070 897 2153 figurae
916 2089 996 2134 unus
1020 2086 1137 2132 tantum
1161 2088 1225 2132 non
1244 2087 1304 2132 re·

343 2151 473 2216 solvitur
492 2154 524 2215 in
543 2155 678 2248 printatn.

383 2231 552 2314 Syllogismt
564 2235 672 2296 tertiae
681 2233 795 2315 figurae
806 2231 993 2296 reducuntur
1003 2233 1034 2294 in
1047 2232 1189 2315 primam,
1201 2249 1306 2313 quart·

294 2333 297 2340 ·
341 2311 385 2374 do
403 2316 543 2407 negativa
561 2312 656 2377 fuerit
672 2311 859 2376 universalis.

384 2391 574 2536 Qutcttnpue
586 2393 753 2477 'syllogismi
774 2395 804 2455 in
825 2395 949 2477 primam
969 2391 1095 2476 figurant
1116 2411 1178 2456 non
1197 2390 1301 2454 resol-

341 2489 478 2616 vusnpur,
498 2473 508 2536 i
530 2475 541 2536 i
564 2493 622 2538 nec
647 2475 678 2539 in
703 2474 826 2557 reliquis
851 2472 955 2558 figuris
977 2492 1015 2538 ex
1037 2493 1097 2538 una
1116 2475 1148 2537 in
1169 2473 1298 2536 alteram

341 2572 376 2620 l'e
389 2573 411 2616 0
423 2571 547 2621 vuntur.

428 2733 513 2827 Cap.
535 2733 614 2804 XL.
636 2695 696 2804 De
712 2737 855 2804 terminis
867 2715 981 2829 finitis
1004 2735 1036 2804 o
1062 2735 1208 2832 infinitis.

382 2891 510 2966 luterell
527 2892 667 2956 nonnihil
677 2895 708 2955 in
724 2893 933 2958 confirmando
945 2895 1170 2972 attestando,
1186 2894 1295 2977 siquis

341 2972 513 3050 subsumat,
531 2975 611 3036 ident
627 2989 680 3035 aut
697 2973 849 3038 diversunt
867 2974 1053 3059 significate,
1074 2995 1137 3039 non
1160 2974 1221 3038 esse
1236 2977 1294 3038 ali·

343 3054 417 3136 quid
437 3055 514 3130 hoc,
532 3055 565 3117 dt
584 3052 645 3116 esse
657 3073 720 3117 non
737 3056 807 3118 ltoc.
1290 3073 1294 3082 '

384 3133 574 3198 Privationes
586 3135 623 3198 ad
648 3133 698 3196 snn
721 3135 793 3199 lices
809 3137 1048 3220 praedicationes
1067 3138 1176 3201 eodem
1197 3137 1292 3202 modo

342 3213 470 3278 affectae
489 3214 576 3292 sunt,
590 3233 653 3299 quo
671 3157 806 3280 inbuitae
823 3217 986 3281 adfinitas.

383 3295 450 3373 llli,
475 3296 558 3378 quod
583 3295 705 3359 estesse
729 3317 792 3361 non
813 3299 960 3380 aequale,
985 3296 1140 3362 subiicitur
1163 3299 1287 3382 aliquid,

343 3376 374 3437 id
395 3394 474 3438 vero
488 3375 531 3437 eil
545 3378 700 3473 inaequale
710 3400 721 3456 ;
737 3379 781 3444 illi
801 3397 896 3456 vero,
915 3382 999 3462 quod
1019 3377 1062 3442 eil
1077 3398 1140 3443 non
1157 3377 1217 3442 else
1234 3397 1287 3442 ae-

343 3456 455 3539 quale,
478 3457 551 3520 nihil
568 3453 731 3522 subticitur.

384 3535 501 3600 Verum
521 3535 601 3617 else,
620 3541 653 3604 dt
666 3539 752 3618 Esse,
771 3537 970 3603 eodem-loco
986 3539 1146 3603 habentur.

384 3615 506 3680 Accidit
519 3619 697 3703 aliquando,
718 3637 753 3684 ut
773 3619 956 3704 decipiantur
974 3622 1005 3682 in
1024 3621 1076 3683 tali
1093 3621 1199 3684 ordine
1214 3627 1286 3705 pro-⁸

342 3695 544 3788 positionum,
565 3703 635 3784 ‹ptia
656 3719 719 3764 non
739 3701 806 3766 sunt
825 3699 905 3763 tecle
923 3701 1020 3765 sumta
1039 3700 1189 3787 oppostta.
1281 3713 1285 3722 ⁴

384 3777 451 3841 Nec
473 3780 587 3847 bonum
609 3781 678 3859 eli,
709 3800 766 3846 nec
793 3783 908 3848 bonum
934 3801 997 3848 non
1022 3781 1089 3861 est,
1111 3782 1220 3868 duplex
1241 3779 1282 3846 eil

341 3861 478 3946 negatio.
