2814 5030
342 368 474 476 im,
535 367 1101 442 naoumeurum

339 505 441 566 vimus
457 502 604 566 dicerein
618 501 795 586 syllogismis
806 501 844 564 ad
861 501 1055 586 impossibile,
1072 505 1205 586 quando
1221 523 1318 567 con-

338 583 511 652 tradisiorie
529 586 696 668 opponitur
711 583 803 658 illud,
819 583 903 665 quod
919 583 1206 662 demonstrabatur,
1226 605 1318 669 pro-

337 665 482 748 positioni
500 665 537 726 ad
559 663 735 749 impossibile
756 664 891 727 ducenti.

381 747 450 809 Hoc
464 745 573 809 vitium
584 763 648 810 runi
664 745 802 808 accidere
811 744 956 821 dicimus,
969 745 1092 827 quando
1107 747 1214 808 ablata
1228 765 1317 808 con-

337 826 512 890 tradisioria
526 825 730 889 conclusionis
746 825 940 890 nihilominus
957 823 1092 908 sequitur
1102 825 1314 912 impossibile.

379 905 588 990 Apertiffimus
602 907 711 970 modus
732 907 822 970 huius
837 908 907 968 vitii
925 904 988 983 est,
1011 909 1132 990 quando
1152 906 1316 991 syllogis-

338 1007 407 1054 mus
427 1007 497 1052 cuin
513 987 674 1071 hypothesi
692 1007 756 1050 non
777 987 933 1052 cohaeret.

381 1068 467 1132 Alter
487 1067 596 1134 modus
616 1067 676 1144 est,
695 1067 818 1151 quando
834 1067 978 1131 cohaeret
999 1070 1121 1152 quidem
1140 1089 1216 1132 cuin
1240 1071 1315 1149 hy·
1382 1055 1384 1122 i

337 1148 477 1233 pothesi,
493 1167 525 1212 at
537 1165 662 1233 propter
677 1148 860 1233 hypothefin
875 1147 983 1212 salsum
999 1169 1062 1213 non
1079 1152 1205 1216 accidit.

340 1315 425 1408 Cap.
441 1291 520 1388 XX.
545 1315 714 1388 Coutioues
730 1318 768 1387 de
774 1317 870 1415 faya
884 1321 1028 1390 ratione:
1052 1320 1089 1390 de
1101 1346 1155 1394 eo,
1169 1345 1211 1389 rte
1226 1344 1314 1389 con⁴

377 1432 430 1482 tro
450 1439 504 1483 nos
522 1415 944 1509 concludetursylsogismot
960 1417 997 1484 de
1011 1417 1157 1502 elencho,
1172 1416 1267 1486 sive:

420 1509 485 1596 ‘aspi
502 1509 554 1573 τοῦ
574 1511 663 1592 λόγου
688 1507 829 1587 divitus.
849 1509 980 1590 περὶτοῦ
998 1511 1039 1589 μὴ
1060 1530 1214 1575 uerecun-

353 1603 357 1610 '
604 1591 791 1674 λογίζεσᾶαι,
804 1591 867 1672 trapi
886 1591 1028 1676 ἐλέγχου.

343 1715 592 1862 al'quisfqglsa
619 1715 776 1781 conclusio
799 1715 930 1781 insertur
962 1733 1088 1801 propter
1111 1719 1310 1801 praecedens

373 1821 383 1860 i
427 1819 447 1860 o
504 1819 522 1860 a
546 1819 605 1862 uin.

405 1881 414 1940 i
436 1878 552 1942 duabus
580 1877 839 1963 propositionibus
864 1894 981 1941 tantuin
1004 1877 1124 1941 consiet
1155 1877 1305 1960 syllogis-

343 1979 430 2036 mus,
454 1959 572 2022 necesse
599 1959 662 2037 esi,
677 1977 713 2023 ut
735 1961 815 2020 ratio
833 1955 905 2020 salsa
925 1960 962 2023 sit
973 2007 983 2038 ,
1002 1961 1035 2022 dt
1053 1977 1105 2022 aut
1123 1958 1218 2021 altera
1241 1958 1306 2035 sit,

342 2057 398 2105 aut
417 2056 546 2123 utraque
565 2040 637 2106 salsa
655 2039 834 2126 propositio.

385 2122 417 2184 Si
447 2121 583 2204 pluribus
609 2121 727 2184 constet
752 2119 1009 2203 propositionibus
1035 2119 1242 2202 syllogismus,
1266 2122 1304 2181 in

342 2203 549 2288 superioribus
571 2206 666 2266 latere
689 2203 820 2283 aliquam
844 2199 946 2264 salsam
970 2200 1209 2287 propositionem
1238 2218 1303 2262 ne-

344 2283 425 2350 cesse
438 2283 497 2360 esi,
520 2283 542 2346 si
586 2284 686 2348 uidem
704 2283 783 2346 ratio
802 2280 872 2343 salsa
888 2282 933 2346 sir.

303 2353 309 2381 ⁸
384 2365 434 2426 Ne
458 2305 631 2446 syuogidmo
652 2365 816 2446 improvidi
846 2365 1029 2438 obruamur,
1049 2379 1172 2446 oportet
1193 2379 1302 2424 atten-

346 2445 439 2520 dere,
456 2463 514 2521 oe,
540 2464 609 2514 curn
633 2445 712 2507 idem
732 2444 778 2510 bis
802 2444 934 2519 dicitur,
957 2446 1080 2507 alteram
1109 2441 1300 2527 propositio-

344 2547 416 2590 nem
439 2526 656 2603 concedamus,
682 2525 706 2589 si
733 2525 870 2609 quidem,
896 2545 966 2591 cuin
995 2527 1075 2588 idem
1096 2526 1143 2587 bis
1165 2525 1304 2600 dicitur,

344 2608 534 2695 syllogismus
556 2609 601 2672 fit.

387 2691 432 2754 Ut
447 2689 539 2755 alium
554 2688 726 2773 syllogismo
745 2689 949 2770 improvidum
965 2689 1148 2763 obruamus,
1166 2705 1230 2749 nori
1247 2704 1303 2748 ne*

346 2772 488 2836 cellariae
509 2770 734 2856 propositiones
759 2770 989 2853 interrogandae
1019 2769 1107 2844 suni,
1127 2769 1159 2834 δι
1181 2767 1301 2851 semper

345 2854 545 2938 probationes
579 2849 805 2934 praemissarum
834 2853 917 2934 prius
946 2849 1174 2933 interrogandae
1194 2847 1273 2924 ⁴sunt
1286 2895 1302 2924 ,

346 2930 539 3077 Ἦῗὲιῖἶί
553 2929 831 3096 sesilliis}
851 2930 1300 3096 {insilidmiiffldidffn

347 3093 466 3160 (lionis.

388 3175 432 3238 Ut
453 3174 507 3237 fiat
525 3173 688 3250 elenchus,
704 3189 829 3256 oportet
843 3171 972 3257 aliquam
988 3163 1227 3258 propositionem
1248 3171 1298 3234 as-

347 3255 481 3332 finnan',
501 3275 563 3318 non
583 3273 685 3319 aurem
703 3253 819 3338 semper
836 3255 949 3339 negari.

389 3337 434 3400 Ut
450 3337 504 3400 fiat
521 3337 680 3413 elenchus,
694 3353 818 3422 oportet
835 3336 964 3422 aliquam
979 3335 1218 3420 propositionem
1230 3335 1299 3400 iuti-

349 3418 506 3483 versaliter
516 3417 661 3492 concedi,
672 3436 735 3479 non
748 3433 850 3481 autem
865 3416 1006 3500 utrasque
1022 3435 1139 3482 rantum
1150 3435 1188 3478 ex
1202 3433 1296 3500 parre.

399 3589 484 3682 Cap.
509 3584 611 3659 xxi.
630 3585 684 3658 De
712 3587 891 3684 deceptione
916 3611 956 3656 ex
981 3585 1144 3680 opinione,
1164 3579 1249 3652 sive:

569 3682 632 3763 περὶ
647 3679 698 3746 tiis
717 3683 779 3746 καθ’
793 3679 937 3761 vitiandis
952 3679 1082 3742 deiris.

390 3807 439 3872 Fit
459 3803 600 3890 deceptio
622 3803 786 3870 secundum
808 3804 1003 3888 opinionem,
1021 3799 1143 3883 quando
1157 3795 1297 3864 uirium&
