2862 5032
353 402 422 459 too
494 363 1144 448 'ARGUMENTUMr

387 507 515 572 ueceffe
540 508 584 570 eli
603 508 734 570 medium
756 509 787 569 in
809 506 943 590 utrisque
961 507 1221 593 propofitionibua
1241 509 1306 577 effe

345 593 378 652 in
394 591 535 652 omnibus
553 589 667 670 figuris.
1280 609 1286 630 ⁴

225 755 229 770 .
287 719 290 724 .
385 670 416 732 Si
431 672 562 734 medium
581 669 771 753 praedicatur
785 668 823 728 de
839 660 920 743 alio,
936 669 970 732 δι
989 669 1070 732 aliud
1081 670 1118 732 de
1134 669 1198 752 ipso
1210 687 1304 754 prae-

346 751 480 826 dioetut,
501 753 558 813 erit
578 753 668 831 figura
690 749 839 830 prima3s1
865 768 944 810 vero
969 752 1215 834 praedicatur&
1241 770 1302 813 ne-

382 849 433 895 tur
448 833 486 892 de
504 831 627 912 aliquo,
646 831 731 890 media
749 831 807 891 erit
818 831 908 911 figura
918 855 931 904 ,·
952 828 974 891 s1
995 849 1072 894 vero
1092 831 1150 892 alia
1171 832 1209 892 de
1230 850 1302 892 me-

344 852 397 977 llo
418 914 581 986 dicuntur,
600 927 654 974 aut
676 909 736 972 hoc
759 911 880 1004 quidem
901 911 939 971 de
958 913 1059 974 medio
1081 912 1209 990 dicitur,
1237 913 1301 976 hoc

344 1010 446 1057 autem
466 1011 504 1054 ne
543 1007 611 1067 tur,
622 994 715 1132 pigrum
734 1007 791 1052 ent
809 991 920 1071 ultima„
1284 1057 1287 1062 ,

384 1073 500 1136 Manise
528 1093 579 1134 um
603 1090 620 1133 e
658 1118 668 1147 ‚
693 1072 725 1132 in
738 1090 866 1213 puacun
888 1091 927 1134 ue
953 1075 1112 1150 oratione,
1137 1074 1216 1135 idem
1241 1069 1300 1136 nifi

344 1153 463 1237 saepius
485 1154 603 1215 dicauit
609 1199 622 1231 ,
650 1171 713 1213 non
761 1153 805 1214 eri
833 1093 1056 1235 syllogismum,
1078 1174 1148 1217 cum
1174 1155 1300 1218 nonsit

344 1235 474 1306 sumtum
493 1234 637 1298 medium.

384 1317 419 1378 ln
437 1315 520 1378 omni
541 1315 728 1397 problemate
751 1311 970 1396 respiciendum
990 1314 1090 1377 estad
1112 1315 1192 1378 illam
1213 1315 1299 1398 figu-

344 1418 427 1473 ram,
440 1416 494 1481 per
507 1417 597 1480 quam
608 1393 750 1458 concludi
764 1393 871 1476 possit,
884 1393 905 1456 st
920 1414 998 1477 quae
1009 1413 1111 1458 autem
1123 1416 1177 1479 per
1213 1397 1298 1462 lures

344 1475 365 1542 fi
385 1498 455 1542 uras
477 1476 700 1550 concluduntur
724 1475 931 1558 problemata,
953 1495 992 1538 ex
1017 1478 1109 1539 medii
1131 1476 1191 1540 affe
1223 1479 1299 1544 'one'

343 1499 385 1622 al
398 1576 534 1622 extrema
551 1555 768 1640 cognoscemus
785 1555 922 1638 figuram.

384 1639 479 1723 Saepe
496 1639 550 1714 fit,
569 1655 604 1701 ut
619 1637 787 1721 decipiatur
803 1637 871 1718 quis
894 1653 1021 1727 propter
1037 1639 1237 1704 terminorum
1259 1639 1299 1703 fi-

235 1781 249 1806 ,
343 1720 552 1784 militudinem.

383 1802 432 1863 Fit
457 1800 535 1863 haec'
554 1799 712 1882 deceptio,
776 1799 817 1861 od
848 1798 921 1860 nihil
941 1801 1009 1881 quis
1030 1795 1169 1864 interesse
1209 1783 1300 1879 utet,

343 1881 520 2024 srdiiscatut,
542 1879 602 1942 hoc
628 1879 671 1944 illi
693 1881 741 1941 ine
768 1899 803 1958 e,
827 1878 1059 1958 uindicatur,
1085 1881 1168 1943 hoc'
1230 1901 1296 1945 nou

343 1982 392 2028 me
419 1981 447 2026 e.
1280 1977 1284 1984 ’

382 2043 478 2128 Saepe
498 2041 635 2119 accidet,
654 2058 689 2106 ut
708 2041 912 2123 decipiamur,
927 2041 1011 2124 quod
1028 2059 1091 2104 non
1105 2042 1184 2104 bene
1201 2055 1297 2128 ειιρο·Δ

342 2143 453 2188 uantur
467 2125 587 2186 termini
603 2125 635 2185 in
649 2120 868 2206 propositione.
1293 2173 1297 2178 .

271 2235 275 2242 ·
382 2204 586 2268 Transsumtis
613 2205 772 2286 iis„quae
789 2203 952 2266 secundum
971 2203 1107 2266 habitum
1130 2203 1297 2283 dicuntur,·

342 2285 417 2349 nihil
434 2284 499 2348 salli
516 2283 718 2348 concluditur.

382 2367 457 2430 Non
472 2381 595 2450 oportet
611 2363 727 2449 semper
744 2366 856 2442 anniti,
871 2382 906 2428 ut
919 2366 1065 2428 terminos
1080 2366 1203 2427 nomine
1220 2365 1295 2428 sim-

343 2448 415 2532 plici
429 2465 634 2530 exponamus,
651 2464 722 2508 cum
738 2444 825 2528 saepe
841 2443 899 2509 smt
915 2447 1087 2522 orationes,
1101 2447 1212 2528 quibus
1231 2467 1295 2517 no·¹

342 2531 423 2592 mina
437 2527 578 2612 simplicia
593 2525 690 2611 posita
711 2546 773 2588 non
799 2525 863 2588 stnt.

383 2611 519 2672 Medium
535 2628 598 2671 non
614 2605 730 2691 semper
749 2607 925 2670 sumendum
944 2607 1004 2684 esi,
1024 2623 1057 2670 ut
1076 2607 1135 2668 hoc
1154 2607 1295 2690 aliquid,¹

342 2689 393 2759 sed
410 2689 448 2753 ali
470 2689 572 2754 uando
590 2690 759 2752 orationem
777 2691 922 2771 integram
939 2688 1055 2752 sumere
1074 2705 1208 2771 oportet.

381 2762 435 2833 lne
461 2791 478 2832 e
496 2771 592 2832 maius
610 2787 778 2831 extremum
798 2770 924 2846 medio,
947 2770 1056 2850 &hoc
1076 2770 1205 2846 minori,
1227 2789 1294 2832 non

291 2891 293 2897 ,
342 2869 467 2936 oportet
484 2853 526 2914 ita
554 2849 692 2922 sumere,
709 2869 745 2910 ac
771 2848 794 2911 st
817 2849 933 2935 semper
960 2851 1189 2934 praedicentur,
1214 2851 1293 2928 alte-

341 2954 409 2997 rum
432 2933 469 2994 de
489 2931 604 3006 altero,
629 2930 737 2992 eodem
760 2932 876 3007 modo;
900 2931 949 2994 sed
969 2948 1046 3014 quot
1074 2932 1170 2993 modis
1194 2931 1292 3015 ipsum

342 3014 404 3076 esse
422 3013 550 3088 dicitur,
569 3012 602 3074 δι
620 3028 698 3093 quot
716 3013 814 3078 modis
836 3031 944 3075 verum
962 3013 1026 3087 eli,
1041 3012 1100 3073 hoc
1118 3011 1191 3076 illud
1210 3013 1291 3089 dici,

341 3111 389 3157 tot
409 3095 506 3157 modis
523 3093 663 3155 arbitrari
682 3110 806 3175 oportet
827 3095 987 3170 accidere,
1005 3109 1040 3157 ut
1057 3092 1140 3170 infit,
1156 3110 1206 3169 ut,
1220 3115 1292 3155 con-

340 3177 476 3238 trariorum
494 3197 576 3236 uuam
593 3172 800 3314 ‘ffiscimm'
1268 3187 1273 3197 ¹

381 3257 503 3318 Accidit
518 3253 638 3337 aliquan
658 3275 698 3331 o,
715 3273 750 3317 ut
769 3256 806 3317 de
825 3255 926 3318 medio
949 3255 1078 3340 primum
1100 3255 1234 3333 dicatur,
1256 3272 1290 3318 at

304 3367 308 3374 ·
340 3337 470 3481 ppilptum
491 3337 529 3398 de
553 3335 654 3397 medio
680 3355 743 3398 non
769 3337 904 3413 dicatur,
931 3337 964 3400 δι
989 3335 1145 3399 conclusto
1165 3335 1208 3397 est
1233 3355 1291 3420 per

340 3437 361 3480 o
424 3437 506 3481 uum.

422 3497 554 3580 iquando
573 3497 702 3574 accidit,
724 3514 759 3562 ut
778 3499 907 3562 medium
924 3497 962 3560 de
984 3500 1077 3560 tertio
1099 3499 1237 3576 dicatur,
1256 3513 1290 3560 at

339 3579 468 3723 ppilptum
493 3579 530 3640 de
555 3579 740 3642 medionon
769 3581 911 3657 dicatur,
938 3581 971 3642 δι
992 3579 1147 3642 conclusio
1170 3578 1213 3640 est
1232 3595 1289 3663 per

332 3681 360 3724 o
423 3681 507 3724 uum.

379 3682 427 3805 fii
449 3759 569 3818 autem,
583 3758 619 3804 ut
638 3759 737 3822 neque
757 3740 886 3825 primum
907 3741 945 3802 de
967 3740 1083 3818 medio,
1098 3758 1198 3823 neque
1219 3729 1288 3801 me-

337 3823 419 3885 dium
438 3823 476 3886 de
495 3825 587 3887 tertio
605 3822 740 3900 dicatur,
760 3825 793 3887 δι
810 3821 965 3892 conclusio
980 3821 1024 3886 est
1045 3842 1101 3907 per
1116 3821 1240 3886 remon.
