2814 5030
359 393 428 469 affl
550 379 1113 467 ARGUMENTUM

399 513 471 585 H'oc
490 520 533 583 esi
550 521 674 602 essentia
690 527 751 600 rei,
774 525 857 606 quod
875 529 976 588 totum
995 509 1033 588 tle
1055 528 1233 592 individuis
1251 529 1340 592 ulfi-

288 637 296 670 κ
360 624 443 668 mum
458 603 659 687 praedicatur.

399 683 532 826 Oportet
549 705 637 761 eum,
651 687 705 767 qui
724 685 792 747 vult
804 684 988 749 consiituere
1003 687 1240 765 definitionem,
1255 710 1333 752 rem

359 766 424 828 divi
444 784 496 846 ere
514 760 548 827 in
564 767 737 842 individua,
754 764 854 849 specie
867 769 980 849 prima,
997 769 1030 830 δι
1046 769 1116 831 inde
1131 770 1251 833 honrm
1267 771 1333 832 fin·

402 847 501 909 lotum
524 845 716 910 definitiones
740 865 775 908 ut
799 849 950 929 accipiat,
968 865 1104 926 tentare,
1126 867 1196 912 tum
1219 868 1333 934 genus

358 866 468 991 {grum
486 930 620 990 omnium
639 925 785 990 summum
808 929 978 1009 requirere,
996 930 1029 992 δι
1046 942 1100 1014 pet
1119 931 1196 995 illud
1218 941 1331 1014 genus

360 1009 551 1071 inhaerentes
566 1007 712 1092 paffiones
729 1007 926 1070 considerare.

398 1087 578 1166 Divifiones
600 1089 763 1152 secundum
776 1085 976 1164 differentiam
989 1090 1079 1155 utiles
1096 1091 1221 1154 suntad
1237 1093 1329 1156 lr'anc

360 1171 509 1233 rationem
527 1171 560 1231 in
602 1172 609 1185 ‘
629 1170 722 1232 endae
738 1169 934 1232 definitionis.

401 1249 535 1333 Oportet
610 1250 817 1313 definitionem
845 1251 879 1314 δι
905 1249 1033 1335 speciem
1064 1242 1224 1316 definitam¹
1252 1251 1326 1315 esse

301 1351 306 1360 ’
360 1349 454 1406 unum
468 1330 553 1414 quid.
1231 1371 1234 1376 -

360 1411 492 1556 si'U'tffis
509 1411 553 1474 est
572 1413 650 1476 ratio
675 1411 847 1484 dividendi,
869 1417 904 1474 ut
923 1412 997 1476 nihil
1015 1416 1173 1478 omittatur
1197 1416 1233 1476 in
1257 1415 1324 1478 cle·

358 1643 361 1652 Δ
383 1509 610 1654 ωὶῗὲἒῗιεεείῑε
630 1565 693 1650 esi,
715 1595 749 1637 ur
769 1567 815 1650 is,
833 1573 886 1656 qui
902 1573 1026 1652 definit,
1042 1591 1096 1639 aut
1111 1576 1163 1658 qui
1179 1576 1302 1640 dividit
1310 1591 1325 1654 ,'

360 1657 464 1718 omnia
484 1653 567 1716 sciat.
605 1675 612 1686 ’

359 1811 387 1876 d·
400 1735 470 1797 Sine
483 1732 664 1876 pifferentiis
679 1734 751 1798 nuru
768 1734 911 1818 cognosci
926 1736 958 1799 δι
969 1735 1090 1800 scientia
1106 1738 1322 1820 comprehen-

380 1837 390 1878 1
429 1831 481 1876 ote
509 1859 517 1876 .

439 1896 520 1960 ultae
546 1893 733 1958 differentiae
757 1895 858 1959 insunt
882 1898 952 1976 his,
976 1919 1054 1981 quae
1076 1898 1180 1962 eadem
1210 1899 1320 1984 specie

357 1973 452 2052 scuit,
471 1993 502 2040 at
518 1996 581 2040 non
599 1976 762 2042 secundum
780 1977 953 2056 essentiam,
970 1999 1026 2042 nec
1064 1979 1153 2042 erse.

341 2083 344 2090 ·
401 2056 475 2120 Tria
499 2075 623 2141 oportet
642 2057 821 2133 observate,
846 2076 879 2121 ut
897 2077 951 2142 per
970 2001 1147 2122 divisorem
1170 2060 1318 2125 definitio

360 2139 575 2215 constituatur,
595 2142 725 2224 primum
742 2155 777 2202 ut
799 2137 969 2224 sumantur,
995 2161 1072 2223 quae
1091 2144 1203 2223 irs-qaid
1218 2161 1318 2227 prae·

360 2219 517 2297 dicantur,
535 2220 659 2295 deinde,
679 2237 714 2282 ut
741 2219 847 2282 ordine
867 2221 1073 2299 collocentur,
1095 2223 1127 2284 &
1149 2239 1184 2285 ut
1205 2227 1315 2286 omnia

359 2301 436 2364 haec
452 2320 522 2364 cum
537 2299 664 2364 definito
684 2301 789 2362 cadem
807 2299 874 2362 stntt

400 2380 532 2443 Primum
551 2381 674 2462 quidem
693 2380 913 2466 consequemur
931 2384 1169 2466 argumentando
1184 2401 1241 2468 per
1258 2385 1314 2448 lo·

360 2471 416 2524 cos
435 2461 615 2524 dialeslicoc

400 2541 539 2622 Alterum
565 2543 802 2626 consequemur,
825 2543 849 2607 st
868 2565 887 2607 a
908 2545 1025 2607 surnmo
1048 2563 1158 2628 genere
1182 2544 1314 2608 descen·

357 2616 458 2687 dendo
475 2621 608 2707 nihilque
626 2625 795 2690 omittendo
812 2625 1052 2708 processerimus.
1120 2627 1124 2634 '
1232 2699 1234 2706 y

399 2703 539 2794 Tertium
560 2709 592 2769 δι
609 2705 705 2790 ipsum
723 2725 778 2789 per
797 2706 977 2771 divisionem
995 2725 1138 2790 generum
1164 2707 1197 2770 δι
1220 2706 1313 2769 diffe-

359 2789 524 2852 rentiarum
545 2787 771 2869 consequemur.
1091 2807 1096 2813 ·

399 2867 534 2952 Oportet
552 2869 641 2929 etiam
657 2886 714 2930 nos
729 2867 767 2930 ad
786 2865 889 2931 similia
909 2869 941 2931 or
963 2865 1165 2931 indifferentia
1183 2867 1312 2952 respice-

359 2948 1158 3112 iilri¹¹llii¹ail³di¹¹¹’qlissdsisslililiehibiili’
1177 2950 1210 3092 ii
1227 2969 1311 3092 stt}

686 3075 697 3105 a
919 3099 922 3106 .
1149 3069 1158 3107 s

360 3111 392 3171 se
410 3109 538 3172 diversa.
558 3109 592 3171 ld
607 3109 742 3191 eousque
764 3107 933 3173 faciendum
957 3111 1018 3186 esi,
1040 3105 1138 3172 donec
1161 3111 1199 3172 ad
1214 3127 1308 3174 unum

360 3191 434 3276 quid
447 3191 643 3268 deveniatut,
661 3191 744 3273 quod
767 3192 824 3252 erit
842 3191 979 3253 definitio
1003 3191 1094 3275 ipsius
1116 3193 1171 3254 rei.

395 3353 495 3448 Cap.
514 3352 595 3425 XV.
618 3352 670 3423 De
689 3355 885 3454 pracssorttt'a
903 3353 1075 3423 methodio
1088 3331 1260 3451 prsseriori.

401 3497 531 3562 Facilius
548 3497 591 3560 est
609 3471 805 3582 res'srngulas
822 3498 966 3573 definire,
983 3518 1074 3579 quam
1089 3492 1266 3567 universale

371 3589 375 3596 ’
402 3579 537 3663 Oportet
554 3599 611 3654 nos
624 3599 642 3641 a
658 3578 854 3660 singularibus
868 3581 906 3640 ad
921 3577 1100 3641 universalia
1139 3576 1265 3659 rogredi.

403 3661 513 3724 Larem
531 3661 802 3742 aequivocationes
814 3661 908 3742 magis
924 3663 956 3722 in
970 3657 1098 3723 urivers
1122 3660 1206 3734 rbus,
1220 3675 1306 3738 quant

363 3743 397 3806 in
413 3739 662 3807 indifferentibus.
714 3795 719 3802 .

404 3823 477 3888 Non
501 3821 587 3886 aliter
611 3817 703 3905 atque
726 3821 767 3885 in¹
784 3821 957 3904 syllogismo
980 3817 1165 3883 notamesse
1188 3833 1305 3902 oportet
