2814 5030
232 387 893 470 ANALYTICORUM
992 423 1061 498 lm

142 527 222 592 Non
236 525 352 612 semper
365 527 397 590 in
414 525 545 590 secunda
563 525 659 622 ligura
676 544 714 588 ex
734 521 881 622 oppositis
893 525 1061 611 colligitur,

89 606 163 670 nisi
190 610 334 691 quando,
394 606 498 672 aesub
514 607 614 671 mecho
632 606 781 682 sunt,1ra
802 605 910 670 affeua
929 607 1062 686 fuerint,

88 705 139 752 ur
160 707 217 753 aur
230 691 335 752 eadem
368 706 432 766 int,
453 705 509 752 aut
522 704 670 752 utrorum
687 689 725 752 ad
742 706 859 771 partem
881 687 1000 754 affeua.

142 770 184 832 In
204 774 293 834 tertia
309 770 405 854 figura
424 787 463 832 ex
482 767 629 853 oppoliris
648 787 712 833 non
732 769 893 852 colligitur.

144 849 367 994 Oppofitiones
381 871 451 916 crun
473 867 536 914 tres
553 850 628 926 surr,
649 849 700 912 sex
717 849 815 912 modis
832 850 942 912 accidit
961 871 1066 936 oppo—

92 930 163 994 sita
200 934 282 1011 urni,
305 949 358 996 aut
382 949 418 996 ut
436 933 520 996 omni
544 932 577 995 δι
600 932 693 1008 nulli,
715 947 768 996 aut
787 946 822 993 ur
840 933 923 993 omni
946 933 978 995 δι
1000 951 1063 995 non

95 1015 208 1091 omni,
218 1030 272 1077 aut
283 1030 318 1078 ut
327 1014 418 1077 alicui
428 1013 462 1076 δι
476 1011 569 1088 nulli,
586 1012 618 1075 &
629 1012 689 1074 hoc
702 1012 859 1095 reciproce
873 1013 904 1073 in
915 1016 1062 1076 terminis.

144 1095 192 1158 Ex
216 1093 297 1160 fallis
321 1112 430 1158 verum
456 1093 556 1174 colligi
579 1093 696 1178 potest,
712 1112 782 1156 curn
807 1090 922 1176 semper
944 1093 998 1178 ipsi
1017 1096 1063 1157 rei

97 1178 280 1239 contr-arius
294 1173 349 1238 fiat
367 1171 565 1258 syllogismus.

145 1255 344 1319 Manifestum
362 1274 441 1318 vero
461 1257 573 1330 etiarn,
643 1254 684 1316 od
706 1253 964 1348 inpar-elogismis
987 1253 1062 1316 nihil

98 1337 145 1398 im
169 1336 234 1399 edit
251 1336 391 1399 concludi
408 1333 500 1419 ipsius
519 1335 539 1396 h
583 1273 725 1430 offieleos
741 1333 1019 1431 contradrffionenr.

100 1413 1061 1580 ...imminu..¹‘²..¹:⁰2.l‘}l¹.¹s¹.2‘‚⁰3.‘¹35¹³.2

101 1597 180 1641 num
203 1577 341 1656 nonsit,
361 1578 393 1641 id
412 1576 473 1640 effe
491 1577 622 1652 bonum,
645 1594 699 1640 aut
721 1577 803 1640 aliud
823 1575 901 1654 tale,
924 1575 980 1640 ulfi
999 1576 1062 1650 staff

101 1661 159 1723 tim
179 1658 247 1722 talis
264 1657 435 1744 propositio
455 1657 551 1722 sumta
573 1655 674 1720 fuerit

249 1805 333 1900 Cap.
351 1803 485 1878 XVIII.
504 1803 558 1876 De
576 1808 732 1902 petitione
752 1807 914 1904 principii.

142 1933 252 1997 Petere
265 1935 297 2000 δι
315 1934 431 1998 sumere
449 1934 480 1996 in
498 1933 648 2018 principio
666 1933 709 1997 est
725 1935 756 1997 in
772 1952 901 2018 genere,
915 1955 984 2000 curn
996 1956 1059 2002 non

102 2013 290 2092 ostendinn,
308 2015 391 2098 quod
405 2013 594 2099 propositum
619 2013 671 2077 est
710 2071 716 2083 ,
1009 2081 1012 2084 ,

144 2095 257 2159 Peritio
271 2097 410 2180 principii
418 2095 453 2158 fit
464 2095 566 2158 multis
585 2094 700 2173 modis,
715 2114 805 2173 cunr,
820 2090 843 2158 sr
856 2099 983 2160 omnino
996 2117 1058 2160 non

104 2173 200 2240 fuerit
216 2176 329 2261 aliquid
348 2176 426 2258 syllo
446 2175 521 2238 isnro
540 2174 736 2253 conclusum,
752 2193 838 2254 tum,
856 2177 878 2238 sr
893 2196 947 2261 per
964 2182 1058 2262 magis

102 2258 227 2340 ignota,
246 2275 298 2321 aut
308 2277 362 2340 per
376 2197 543 2340 poIeriora
553 2258 597 2334 id,
609 2257 692 2340 quod
731 2255 865 2334 nusest,
876 2255 1055 2322 ostenditur.

145 2337 374 2402 Demonstratio
386 2340 484 2402 omnis
497 2336 568 2402 ella
583 2338 712 2401 verifim'
727 2338 840 2402 'oribus
852 2339 885 2402 δι
894 2339 1057 2423 prioribus.

143 2419 213 2481 Alia
228 2439 283 2514 per
303 2419 333 2482 se
358 2435 431 2482 nora
452 2417 538 2496 sunt,
558 2419 615 2480 alia
630 2437 686 2503 per
702 2418 795 2482 aliud.

142 2497 292 2584 Principia
328 2497 407 2562 erse
425 2516 499 2563 nora
515 2497 600 2576 sunt3
615 2518 693 2581 quae
709 2516 811 2563 autem
829 2499 884 2564 sub
902 2502 1057 2585 principiis

104 2577 196 2656 sunt,
216 2600 271 2664 per
318 2583 438 2644 innota
455 2577 534 2642 sunt.

87 2711 91 2720 .
146 2658 284 2741 Quando
295 2661 345 2736 id,
359 2659 442 2742 quod
458 2659 553 2744 perse
572 2675 679 2722 notum
692 2678 754 2722 non
771 2658 833 2736 est,
846 2679 901 2743 per
917 2660 948 2723 se
962 2660 1058 2745 ipsum

105 2739 142 2804 ali
165 2741 214 2804 uis
232 2739 299 2806 vult
320 2739 467 2824 probare,
504 2741 662 2825 rincipiuur
677 2741 761 2824 perit.

176 2841 216 2884 oc
228 2821 264 2884 fit
281 2824 340 2898 ira,
360 2838 463 2884 autur
525 2823 579 2884 tini
602 2839 743 2904 tanquam
760 2839 867 2884 verum
882 2819 978 2886 surnat
993 2819 1061 2885 fine‘

104 2899 375 2981 demonstratione,
395 2920 448 2964 aur
463 2917 497 2966 ut
512 2902 551 2964 ad
568 2901 625 2965 alia
636 2902 801 2986 quaedam,
814 2905 961 2987 perprius
977 2923 1057 2988 quae

104 2983 328 3061 monstrentur,
344 2983 473 3067 probare
489 2983 575 3046 velit.
1056 2981 1061 3000 ¹

143 3063 176 3126 ln
203 3062 333 3128 secunda
359 3065 392 3128 δι
414 3065 504 3128 tertia
526 3062 623 3148 figura
639 3079 771 3147 utroque
790 3064 883 3126 niodo
906 3064 1056 3148 contingit

103 3161 205 3288 perpere
225 3146 422 3289 ρέιίιιιὶρίιιιιι,
435 3147 467 3207 in
487 3143 670 3209 affirmativo
693 3161 795 3209 autenr
813 3143 985 3229 syllogismo
999 3165 1054 3230 per

118 3243 134 3287 e
163 3245 220 3287 nun
302 3245 418 3288 nurum.

142 3247 323 3390 PrincipirIm
347 3307 379 3369 in
396 3304 722 3370 demonstranrionibus
770 3307 863 3369 erirur
887 3304 1052 3370 secundum

104 3387 281 3465 veritatem3
293 3389 325 3451 in
340 3385 503 3450 dialefficis
519 3404 622 3450 autern
642 3385 733 3450 secun
754 3407 806 3451 um
825 3388 1010 3471 opinionem.

104 3532 190 3627 Cap.
211 3531 311 3603 XIX.
334 3531 390 3606 De
409 3533 642 3699 reprelerffone
656 3533 857 3631 syllogr'smi.
881 3549 945 3628 quo
971 3533 1053 3604 dici-

151 3647 225 3718 tur,
233 3631 362 3728 salsum
384 3647 530 3725 propter
574 3653 616 3700 oc
636 3653 713 3704 non
731 3629 891 3704 accidere,
913 3629 1000 3700 sive:

367 3725 431 3808 περὶ
449 3721 501 3788 τοῦ
519 3723 560 3804 μὴ
581 3727 666 3808 παρὰ
682 3723 777 3789 τοῦτο.
833 3729 838 3739 ’
902 3789 907 3802 .

141 3827 213 3898 Non
227 3845 352 3916 propter
369 3831 429 3895 hoc
445 3830 582 3896 accidere
598 3829 704 3896 falsunr
725 3827 906 3916 poriffirnum
925 3827 1049 3901 consuo·¹
