2862 5032
256 402 922 478 nunurrmonum
1021 423 1087 503 105
1188 487 1191 498 ,

135 539 283 624 gismum,
299 539 382 623 quod
401 556 455 602 aut
474 555 643 602 extremum
655 537 755 600 medio
772 558 834 601 non
855 538 942 614 insu,
957 553 1010 600 aur
1022 557 1089 600 me-

136 623 221 684 dium
244 640 306 684 non
324 621 393 683 insu
409 637 556 682 extremo.

180 701 362 766 Differentia
375 702 419 764 esi
433 705 464 764 in
476 698 664 776 inversione,
679 716 759 782 quae
771 699 807 762 fit
824 719 880 784 per
888 702 1089 779 contrariam,

136 785 173 848 δι
213 799 270 846 uae
291 803 346 868 per
366 780 638 846 contradiuoriam

176 946 183 958 Ι
217 865 284 926 aior
309 863 477 947 propositio
501 881 555 948 per
573 861 777 958 invetsronem
803 863 915 925 inverti
935 863 1041 944 nequit
1058 863 1090 924 in

136 942 970 1118 Prlsausugslerrasslisssssssslstsgtststistfrslmsonttadisiorie
985 1026 1090 1087 inver-

137 1122 222 1168 tatur
243 1104 419 1188 conclusio,
442 1121 533 1166 enam
559 1103 609 1165 alit
635 1102 797 1188 syllogismi
815 1121 905 1167 enmt
934 1106 1091 1170 contradi·

137 1185 249 1263 florii,
263 1187 296 1249 δι
311 1205 374 1249 non
392 1185 584 1248 universales.

179 1268 216 1328 ln
252 1266 575 1330 articularibus'autem
595 1263 789 1347 syllogismis,
803 1264 827 1327 st
844 1265 999 1330 conclusio
1012 1287 1091 1330 con-

138 1349 217 1412 tradi
248 1350 313 1411 orie
340 1349 526 1423 invertatur,
552 1347 659 1408 ambae
679 1345 903 1428 propositiones
925 1349 992 1410 tolli
1019 1348 1092 1444 pos-

138 1429 266 1506 ssmt3sr
283 1430 434 1491 contrarie
451 1431 623 1490 invertatur
641 1426 817 1502 conclusio,
836 1443 944 1490 neutra
964 1428 1090 1492 tollitur.

179 1509 214 1570 ln
235 1508 364 1572 secunda
382 1509 478 1592 figura
505 1509 602 1570 maior
621 1506 789 1591 propositio
812 1525 866 1590 per
887 1509 1092 1572 inverfionem

138 1591 208 1654 tolli
225 1590 330 1673 nequit
347 1591 519 1665 contrarie,
540 1607 664 1670 quocun
709 1606 726 1649 e
742 1587 835 1651 modo
849 1587 903 1650 fiat
915 1589 1056 1670 inversio.

181 1671 216 1736 ln
241 1672 346 1736 eadem
363 1671 479 1754 figura,
498 1671 531 1732 in
552 1669 662 1732 univer
675 1669 771 1732 alibus
796 1668 979 1752 syllogismis
998 1670 1092 1736 altera

139 1753 249 1816 eodem
267 1752 360 1814 modo
378 1751 514 1826 tollitur,
533 1769 597 1832 quo
619 1749 774 1812 conclusio
798 1751 972 1820 invertitur.

180 1833 215 1894 ln
232 1831 462 1916 particularibus
479 1830 658 1914 syllogismis
675 1833 826 1893 contrarie
844 1829 922 1892 sasla
945 1832 1093 1896 inversio-

139 1933 199 2058 ιειὲ,
209 1930 322 2057 μειὲήπα
334 1912 585 2056 prppostigonunp
595 1911 729 2054 bolliam,
747 1928 779 1974 at
791 1911 1025 1977 contradffiorie
1042 1911 1092 1976 sa-

209 2014 262 2060 mv
308 2013 360 2056 ron
416 2014 437 2056 u
528 2011 602 2054 eo
623 2012 694 2055 rur.
742 2019 748 2028 ·

180 2077 217 2139 In
239 2077 329 2138 tertia
348 2040 463 2156 ligura,
477 2013 607 2156 -gsrando
628 2071 763 2135 inversio
790 2073 992 2138 conelufionis
1012 2074 1092 2138 fasta

140 2157 235 2220 fuerit
258 2157 290 2218 in
319 2156 519 2232 contrariam,
546 2169 653 2216 neutra
682 2153 924 2237 propositionum
953 2155 1091 2234 tollitur;

162 2237 273 2302 uando
290 2254 368 2299 vero
393 2237 425 2296 in
451 2233 734 2311 contradisioriam,
754 2250 902 2317 utraeque
926 2236 1090 2315 tolluntur,

193 2321 225 2381 in
241 2318 382 2380 omnibus
401 2317 509 2379 modis.

180 2399 215 2462 ln
236 2401 330 2480 prima
356 2397 453 2480 figura
472 2394 645 2494 propositus
673 2395 862 2479 syllogismus
882 2415 936 2480 per
962 2398 1090 2460 mediam

140 2481 174 2545 δι
186 2480 321 2543 ultimam
335 2477 460 2562 figuram
476 2479 609 2554 tollitur,
626 2477 660 2540 δι
680 2478 779 2540 minor
796 2479 963 2562 propositio
975 2479 1091 2563 semper

137 2580 194 2646 per
212 2561 340 2622 mediam
360 2559 381 2621 fi
404 2579 488 2621 utam
503 2558 641 2635 tollitur,
658 2574 690 2620 at
702 2559 799 2620 maior
812 2577 867 2640 per
879 2559 1025 2622 ultimam.
1072 2586 1100 2630 ι,

181 2640 361 2704 Insecunda
381 2579 477 2722 sgura
495 2637 668 2722 propofitus
689 2637 874 2721 syllogismus
894 2659 949 2721 per
965 2642 1092 2723 primam

139 2723 175 2786 &
190 2723 325 2784 ultimam
342 2721 468 2804 figuram
485 2720 622 2794 tollitur,
642 2720 741 2781 minor
758 2719 880 2803 quidem
895 2738 949 2803 per
965 2723 1091 2803 primam

140 2803 284 2885 figuram,
309 2820 340 2864 at
364 2803 461 2864 maior
481 2820 536 2884 per
558 2802 688 2862 tertiam.

182 2883 217 2944 ln
245 2886 334 2946 tertia
359 2883 455 2966 figura
482 2880 656 2978 propositus
679 2879 867 2962 syllogismus
890 2899 944 2964 per
966 2884 1091 2965 primam

140 2965 173 3030 u
193 2965 321 3028 mediam
342 2963 469 3046 figuram
484 2961 619 3036 tollitur,
641 2962 674 3024 u
693 2963 790 3024 maior
809 2963 931 3046 quidem
950 2981 1005 3046 per
1027 2966 1091 3048 pri-

22 3109 26 3122 ,
139 3065 236 3123 mam,
254 3047 354 3108 minor
367 3063 421 3128 per
438 3045 566 3107 mediam
582 3043 718 3128 liguram.

130 3192 249 3343 (app,
263 3247 325 3318 XI.
344 3245 422 3322 XII.
442 3243 539 3320 XIII.
564 3245 619 3316 De
639 3251 752 3342 quinta
770 3247 926 3344 potestate
938 3241 1093 3337 syllogis‘

227 3371 349 3415 morum
370 3347 405 3414 in
419 3348 545 3443 prima.
557 3345 703 3438 secunda
722 3347 753 3412 st
773 3347 871 3411 tercia
880 3347 1009 3438 figura.

179 3503 237 3567 Per
249 3507 290 3567 im
310 3503 425 3567 offibile
443 3503 630 3588 syllogismus
643 3503 751 3587 aliquis
768 3499 953 3573 oslenditur,
970 3498 1092 3580 quando

139 3587 282 3681 contradi·
308 3589 374 3648 oria
391 3585 593 3650 conclusionis
607 3584 704 3669 posrta
715 3583 826 3659 fuerit,
842 3583 873 3646 δι
889 3577 1016 3642 assumta
1034 3580 1092 3642 alia

138 3665 458 3842 prssffigssonstrario
472 3747 510 3810 ad
527 3744 704 3830 impossibile
720 3745 752 3807 in
768 3741 908 3814 omnibus
922 3739 1045 3826 figuris,
1058 3738 1092 3808 &

139 3826 240 3891 similts
258 3827 432 3892 mversiom.
