2856 5038
257 377 922 458 nnnnrmconun.
1005 399 1085 483 ιη-

121 541 210 638 Cap.
228 543 306 616 XII.
325 547 378 618 De
392 551 576 646 probatione
592 550 725 643 causae,
751 575 830 645 poue
850 551 995 646 effodiunt
1015 576 1076 621 noo
1136 617 1141 629 ,

374 648 482 740 stmul
500 647 683 718 amancium
709 647 812 716 habet.

164 757 202 822 ln
224 763 335 844 quibus
356 763 444 827 causa
468 766 501 829 dt
524 763 652 828 effeetus
669 783 731 828 non
753 763 822 827 sunt
844 763 949 841 simui,
969 765 1076 830 necin

122 842 276 906 continuo
292 859 452 928 tempore,
469 847 528 909 alia
548 845 592 908 est
612 845 702 909 oeusa
718 863 783 908 rem
797 846 1002 924 antecedens,
1020 847 1078 911 alia

122 922 331 1000 constituens,
351 926 409 988 alia
425 925 624 1010 consequens.

164 1002 202 1065 In
222 1005 268 1068 his
286 1025 305 1067 a
324 1006 484 1089 posterIOri
503 1007 690 1090 syllogismus
707 1025 764 1090 pro
818 1007 908 1070 ditur.

165 1083 347 1170 Principium
371 1103 472 1150 tamen
505 1088 708 1173 generationis
736 1106 766 1156 tc
779 1091 842 1152 ium
873 1087 941 1152 sunt
970 1086 1077 1162 causae

123 1168 352 1230 antecedentes.

165 1247 301 1312 Medium
316 1265 439 1332 oportet
455 1247 517 1315 effe
532 1250 623 1314 unius
641 1251 795 1333 temporis.
850 1281 855 1288 ·

164 1327 433 1409 Quemadmodum
454 1329 577 1414 puncto
591 1350 655 1393 non
674 1331 839 1394 cohaerent
859 1333 890 1392 in
916 1330 1013 1409 linea,
1032 1333 1078 1394 ita

124 1427 227 1552 nappe
243 1413 405 1493 praeterita
425 1410 537 1476 futuris
552 1413 584 1474 in
601 1429 701 1475 rerum
722 1413 929 1494 generatione:

220 1491 446 1572 quaestionibus
465 1494 503 1554 de
527 1491 683 1574 futuro&
706 1495 870 1576 praeterito
887 1491 1001 1576 semper
1026 1495 1093 1553 in-'

124 1571 299 1655 cipiendum
315 1573 358 1633 est
372 1573 412 1634 ab
424 1591 483 1650 eo,
496 1573 580 1656 quod
596 1574 686 1636 nobin
700 1571 744 1634 est
767 1574 851 1656 prius
864 1591 901 1635 ac
917 1572 1077 1656 posterius.

154 1733 238 1826 Cnp.
254 1733 353 1804 XIII.
373 1735 426 1806 De
446 1737 507 1810 iis,
528 1761 609 1831 quot
632 1736 751 1806 circulo
761 1740 878 1834 fiunt„
898 1737 930 1805 dr
948 1758 1056 1806 eorum

466 1833 734 1927 demonstratione.
926 1853 927 1858 ’

166 1961 203 2025 1η
224 1963 282 2040 iis,
304 1982 384 2046 quae
408 1965 583 2028 namniter
600 1979 802 2048 generantur,
823 1963 963 2030 videmus
981 1967 1080 2030 circu

124 2044 189 2108 ium
209 2045 360 2127 quendam
382 2043 454 2107 effe.

168 2125 204 2221 ld
219 2127 271 2201 fit,
289 2127 412 2208 quoties
433 2125 467 2188 δι
485 2124 610 2210 quando
627 2127 748 2190 termini
767 2143 803 2189 ac
821 2126 953 2190 medium
970 2143 1078 2189 mutuo

125 2223 188 2270 rect
212 2224 365 2270 rocantur.
606 2251 611 2264 .
853 2261 861 2270 .

126 2365 145 2429 f
168 2228 331 2368 duodeni
353 2305 391 2350 ex
410 2287 457 2350 his
480 2286 596 2372 semper
620 2284 761 2350 itassfiunt
773 2334 784 2365 ,
807 2288 954 2371 quaedam
976 2303 1078 2352 autem

141 2385 314 2510 repuenter.

192 2469 301 2527 orum,
320 2467 398 2533 quae
418 2448 535 2534 semper
554 2453 595 2511 ita
615 2448 712 2524 fiunt,
732 2449 863 2512 medium
884 2447 928 2510 est
950 2449 1079 2513 confor-

127 2547 199 2605 me3
213 2549 339 2607 eorum,
363 2549 441 2613 qtue
462 2529 678 2615 utplurimum,
696 2531 828 2592 medium
852 2532 885 2593 δι
904 2530 999 2614 ipsum
1025 2548 1078 2594 ut-

126 2609 288 2693 plurimum
307 2611 345 2674 ad
365 2628 499 2678 extrema
516 2615 559 2674 ita
574 2609 636 2672 sese
656 2611 758 2674 habet.

179 2769 262 2864 Cap.
279 2769 376 2840 XIV.
394 2736 448 2839 De
468 2767 698 2852 conditionibus
717 2769 762 2837 ad
780 2769 1031 2864 investigandam
1070 2819 1074 2828 ·

393 2875 395 2882 '
491 2865 714 2962 definitionem.

168 2989 299 3076 Eorum,
318 3016 397 3082 quae
417 2997 516 3082 perse
533 2996 652 3074 insunt,
669 2997 814 3068 nonnulla
831 2998 870 3060 ad
892 2999 999 3082 plura,
1017 3019 1081 3064 non

127 3077 726 3255 mnffipuplpppcapeplffiaseseeppppppppp,
744 3178 822 3243 quae
838 3157 938 3224 Insunt
956 3162 1079 3244 quidem

128 3241 357 3318 universaliter,
375 3259 406 3304 at
426 3239 526 3303 insunt
548 3242 639 3303 etiam
658 3239 732 3302 alus.

169 3322 275 3399 Talia,
297 3341 375 3406 quae
396 3321 433 3384 ad
454 3322 540 3406 plura
558 3319 589 3384 se
605 3321 788 3398 extendunt,
809 3337 874 3384 non
897 3339 998 3386 tamen
1022 3340 1079 3386 ex-

127 3423 175 3469 tn
190 3423 304 3487 genus,
326 3401 468 3466 sumenda
489 3401 574 3478 sunt,
594 3401 692 3464 donec
711 3403 890 3466 deveniamr
910 3402 947 3465 ad
962 3404 1079 3483 prima,

126 3505 259 3569 quorum
278 3484 517 3566 unumquodque
536 3483 658 3566 quidem
680 3483 718 3544 ad
735 3482 822 3568 plura
838 3479 900 3544 sese
918 3485 1078 3561 extendat,

127 3567 231 3629 omnia
241 3583 317 3627 vero
327 3565 416 3627 simul
426 3581 607 3648 congregata
617 3583 680 3625 non
694 3563 856 3626 extendant
866 3563 928 3626 sese
936 3565 974 3626 ad
983 3565 1077 3649 plura.

167 3649 238 3708 Hoc
255 3647 336 3708 enim
353 3665 375 3709 o
395 3661 477 3708 ortet
495 3647 529 3707 δι
550 3645 669 3707 neceffe
686 3645 730 3706 est
748 3642 809 3737 effe
826 3643 980 3709 edendam
995 3647 1070 3735 rei..

168 3725 638 3875 diiunctionis
651 3723 815 3792 ¹¹⁶⁶‘ff²¹³²
833 3724 914 3796 sm·
1067 3745 1070 3752 ’

220 3827 252 3870 tv
272 3827 318 3870 ra
420 3826 436 3868 c
499 3826 543 3870 na
630 3849 640 3869 .
