<?xml version="1.0" encoding="UTF-8"?>
<!DOCTYPE html PUBLIC "-//W3C//DTD XHTML 1.0 Transitional//EN"
    "http://www.w3.org/TR/xhtml1/DTD/xhtml1-transitional.dtd">
<html xmlns="http://www.w3.org/1999/xhtml" xml:lang="en" lang="en">
 <head>
  <title>
</title>
<meta http-equiv="Content-Type" content="text/html;charset=utf-8" />
  <meta name='ocr-system' content='tesseract 3.04.00' />
  <meta name='ocr-capabilities' content='ocr_page ocr_carea ocr_par ocr_line ocrx_word'/>
</head>
<body>
  <div class='ocr_page' id='page_1' title='image "./operaomniagraec00arisgoog_0012.png"; bbox 0 0 2856 5024; ppageno 0'>
   <div class='ocr_carea' id='block_1_1' title="bbox 321 405 1054 491">
    <p class='ocr_par' dir='ltr' id='par_1_1' title="bbox 321 405 1054 491">
     <span class='ocr_line' id='line_1_1' title="bbox 321 405 1054 491; baseline 0.01 -20"><span class='ocrx_word' id='word_1_1' title='bbox 321 421 394 491; x_wconf 55' lang='lat' dir='ltr'>av</span> <span class='ocrx_word' id='word_1_2' title='bbox 590 405 1054 479; x_wconf 72' lang='lat' dir='ltr'>PRAEFnrlu</span> 
     </span>
    </p>
   </div>
   <div class='ocr_carea' id='block_1_2' title="bbox 300 565 1380 2698">
    <p class='ocr_par' dir='ltr' id='par_1_2' title="bbox 300 565 1380 2698">
     <span class='ocr_line' id='line_1_2' title="bbox 346 565 1301 666; baseline 0.006 -30"><span class='ocrx_word' id='word_1_3' title='bbox 346 565 419 660; x_wconf 87' lang='lat' dir='ltr'>ipse</span> <span class='ocrx_word' id='word_1_4' title='bbox 438 569 535 654; x_wconf 85' lang='lat' dir='ltr'>haud</span> <span class='ocrx_word' id='word_1_5' title='bbox 557 571 768 666; x_wconf 87' lang='lat' dir='ltr'>negaverim.</span> <span class='ocrx_word' id='word_1_6' title='bbox 790 571 949 656; x_wconf 84' lang='lat' dir='ltr'><strong>Etenim,</strong></span> <span class='ocrx_word' id='word_1_7' title='bbox 962 569 1050 640; x_wconf 87' lang='lat' dir='ltr'>srcut</span> <span class='ocrx_word' id='word_1_8' title='bbox 1070 571 1108 640; x_wconf 89' lang='lat' dir='ltr'>in</span> <span class='ocrx_word' id='word_1_9' title='bbox 1132 572 1231 642; x_wconf 89' lang='lat' dir='ltr'>omni</span> <span class='ocrx_word' id='word_1_10' title='bbox 1249 575 1301 642; x_wconf 86' lang='lat' dir='ltr'>la-</span> 
     </span>
     <span class='ocr_line' id='line_1_3' title="bbox 346 665 1300 759; baseline 0.003 -23"><span class='ocrx_word' id='word_1_11' title='bbox 346 667 434 736; x_wconf 89' lang='lat' dir='ltr'>bore</span> <span class='ocrx_word' id='word_1_12' title='bbox 462 669 677 759; x_wconf 84' lang='lat' dir='ltr'>experientia</span> <span class='ocrx_word' id='word_1_13' title='bbox 704 667 777 738; x_wconf 83' lang='lat' dir='ltr'>eius</span> <span class='ocrx_word' id='word_1_14' title='bbox 802 665 889 738; x_wconf 75' lang='lat' dir='ltr'>satta</span> <span class='ocrx_word' id='word_1_15' title='bbox 917 668 1052 759; x_wconf 92' lang='lat' dir='ltr'>optime</span> <span class='ocrx_word' id='word_1_16' title='bbox 1075 669 1235 754; x_wconf 77' lang='lat' dir='ltr'>instruit,</span> <span class='ocrx_word' id='word_1_17' title='bbox 1251 669 1300 739; x_wconf 86' lang='lat' dir='ltr'>ita</span> 
     </span>
     <span class='ocr_line' id='line_1_4' title="bbox 344 761 1298 862; baseline 0.002 -30"><span class='ocrx_word' id='word_1_18' title='bbox 344 762 384 833; x_wconf 90' lang='lat' dir='ltr'>in</span> <span class='ocrx_word' id='word_1_19' title='bbox 405 763 576 840; x_wconf 82' lang='lat' dir='ltr'>librorum</span> <span class='ocrx_word' id='word_1_20' title='bbox 592 761 782 834; x_wconf 80' lang='lat' dir='ltr'>Aristotelis</span> <span class='ocrx_word' id='word_1_21' title='bbox 797 765 1046 856; x_wconf 80' lang='lat' dir='ltr'>explanatione</span> <span class='ocrx_word' id='word_1_22' title='bbox 1062 789 1138 858; x_wconf 92' lang='lat' dir='ltr'>quo</span> <span class='ocrx_word' id='word_1_23' title='bbox 1158 766 1298 862; x_wconf 86' lang='lat' dir='ltr'>longius</span> 
     </span>
     <span class='ocr_line' id='line_1_5' title="bbox 343 859 1299 956; baseline 0.002 -27"><span class='ocrx_word' id='word_1_24' title='bbox 343 860 506 954; x_wconf 84' lang='lat' dir='ltr'>proceffi,</span> <span class='ocrx_word' id='word_1_25' title='bbox 530 885 573 930; x_wconf 89' lang='lat' dir='ltr'>eo</span> <span class='ocrx_word' id='word_1_26' title='bbox 596 859 787 931; x_wconf 79' lang='lat' dir='ltr'>certiora&amp;</span> <span class='ocrx_word' id='word_1_27' title='bbox 804 861 1005 948; x_wconf 86' lang='lat' dir='ltr'>subtiliora,</span> <span class='ocrx_word' id='word_1_28' title='bbox 1023 877 1102 932; x_wconf 88' lang='lat' dir='ltr'>tum</span> <span class='ocrx_word' id='word_1_29' title='bbox 1125 862 1299 956; x_wconf 87' lang='lat' dir='ltr'>quemad-</span> 
     </span>
     <span class='ocr_line' id='line_1_6' title="bbox 342 955 1297 1050; baseline 0.002 -24"><span class='ocrx_word' id='word_1_30' title='bbox 342 957 498 1026; x_wconf 87' lang='lat' dir='ltr'>modum</span> <span class='ocrx_word' id='word_1_31' title='bbox 521 958 606 1028; x_wconf 89' lang='lat' dir='ltr'>h&#39;aec</span> <span class='ocrx_word' id='word_1_32' title='bbox 626 958 720 1027; x_wconf 91' lang='lat' dir='ltr'>bene</span> <span class='ocrx_word' id='word_1_33' title='bbox 743 955 887 1028; x_wconf 64' lang='lat' dir='ltr'>&amp;reste</span> <span class='ocrx_word' id='word_1_34' title='bbox 908 958 1127 1050; x_wconf 88' lang='lat' dir='ltr'>perficiatur,</span> <span class='ocrx_word' id='word_1_35' title='bbox 1148 977 1227 1029; x_wconf 91' lang='lat' dir='ltr'>turn</span> <span class='ocrx_word' id='word_1_36' title='bbox 1252 957 1297 1028; x_wconf 90' lang='lat' dir='ltr'>de</span> 
     </span>
     <span class='ocr_line' id='line_1_7' title="bbox 343 1054 1294 1146; baseline 0.001 -23"><span class='ocrx_word' id='word_1_37' title='bbox 343 1071 510 1146; x_wconf 85' lang='lat' dir='ltr'>apparatu</span> <span class='ocrx_word' id='word_1_38' title='bbox 535 1055 655 1126; x_wconf 83' lang='lat' dir='ltr'>critico</span> <span class='ocrx_word' id='word_1_39' title='bbox 679 1055 717 1124; x_wconf 89' lang='lat' dir='ltr'>in</span> <span class='ocrx_word' id='word_1_40' title='bbox 739 1055 896 1124; x_wconf 89' lang='lat' dir='ltr'>eundem</span> <span class='ocrx_word' id='word_1_41' title='bbox 920 1056 1024 1125; x_wconf 82' lang='lat' dir='ltr'>usum</span> <span class='ocrx_word' id='word_1_42' title='bbox 1050 1054 1294 1126; x_wconf 88' lang='lat' dir='ltr'>convertendo</span> 
     </span>
     <span class='ocr_line' id='line_1_8' title="bbox 343 1146 1297 1246; baseline 0.002 -26"><span class='ocrx_word' id='word_1_43' title='bbox 343 1146 492 1230; x_wconf 69' lang='lat' dir='ltr'>edodius,</span> <span class='ocrx_word' id='word_1_44' title='bbox 508 1151 597 1230; x_wconf 87' lang='lat' dir='ltr'>sum.</span> <span class='ocrx_word' id='word_1_45' title='bbox 618 1154 815 1232; x_wconf 70' lang='lat' dir='ltr'>Innoruere¹</span> <span class='ocrx_word' id='word_1_46' title='bbox 832 1151 921 1222; x_wconf 86' lang='lat' dir='ltr'>mihi</span> <span class='ocrx_word' id='word_1_47' title='bbox 941 1175 1091 1246; x_wconf 84' lang='lat' dir='ltr'>quoque</span> <span class='ocrx_word' id='word_1_48' title='bbox 1109 1171 1225 1246; x_wconf 84' lang='lat' dir='ltr'>nuper</span> <span class='ocrx_word' id='word_1_49' title='bbox 1238 1177 1297 1222; x_wconf 88' lang='lat' dir='ltr'>va·</span> 
     </span>
     <span class='ocr_line' id='line_1_9' title="bbox 341 1247 1296 1344; baseline 0.005 -29"><span class='ocrx_word' id='word_1_50' title='bbox 341 1247 383 1316; x_wconf 89' lang='lat' dir='ltr'>rii</span> <span class='ocrx_word' id='word_1_51' title='bbox 407 1248 627 1344; x_wconf 87' lang='lat' dir='ltr'>fingulorum</span> <span class='ocrx_word' id='word_1_52' title='bbox 645 1247 836 1318; x_wconf 82' lang='lat' dir='ltr'>Aristotelis</span> <span class='ocrx_word' id='word_1_53' title='bbox 864 1248 1037 1318; x_wconf 87' lang='lat' dir='ltr'>librorum</span> <span class='ocrx_word' id='word_1_54' title='bbox 1056 1250 1205 1320; x_wconf 85' lang='lat' dir='ltr'>Codices</span> <span class='ocrx_word' id='word_1_55' title='bbox 1227 1273 1296 1320; x_wconf 86' lang='lat' dir='ltr'>no·</span> 
     </span>
     <span class='ocr_line' id='line_1_10' title="bbox 342 1345 1295 1442; baseline 0.001 -29"><span class='ocrx_word' id='word_1_56' title='bbox 342 1359 420 1414; x_wconf 87' lang='lat' dir='ltr'>tatu</span> <span class='ocrx_word' id='word_1_57' title='bbox 447 1345 564 1442; x_wconf 89' lang='lat' dir='ltr'>digni,</span> <span class='ocrx_word' id='word_1_58' title='bbox 590 1346 655 1438; x_wconf 92' lang='lat' dir='ltr'>qui</span> <span class='ocrx_word' id='word_1_59' title='bbox 682 1345 825 1416; x_wconf 85' lang='lat' dir='ltr'>recensu</span> <span class='ocrx_word' id='word_1_60' title='bbox 852 1361 1035 1438; x_wconf 87' lang='lat' dir='ltr'>apparatus</span> <span class='ocrx_word' id='word_1_61' title='bbox 1063 1347 1173 1416; x_wconf 90' lang='lat' dir='ltr'>critici</span> <span class='ocrx_word' id='word_1_62' title='bbox 1201 1348 1295 1440; x_wconf 88' lang='lat' dir='ltr'>typis</span> 
     </span>
     <span class='ocr_line' id='line_1_11' title="bbox 300 1441 1295 1538; baseline 0.002 -29"><span class='ocrx_word' id='word_1_63' title='bbox 300 1457 306 1476; x_wconf 90' lang='grc'>·</span> <span class='ocrx_word' id='word_1_64' title='bbox 343 1443 508 1538; x_wconf 85' lang='lat' dir='ltr'>evulgato</span> <span class='ocrx_word' id='word_1_65' title='bbox 529 1467 587 1513; x_wconf 89' lang='lat' dir='ltr'>me</span> <span class='ocrx_word' id='word_1_66' title='bbox 605 1463 822 1536; x_wconf 88' lang='lat' dir='ltr'>occupatum</span> <span class='ocrx_word' id='word_1_67' title='bbox 844 1441 1023 1538; x_wconf 84' lang='lat' dir='ltr'>fugerant,</span> <span class='ocrx_word' id='word_1_68' title='bbox 1044 1466 1111 1513; x_wconf 89' lang='lat' dir='ltr'>nec</span> <span class='ocrx_word' id='word_1_69' title='bbox 1131 1466 1204 1512; x_wconf 94' lang='lat' dir='ltr'>non</span> <span class='ocrx_word' id='word_1_70' title='bbox 1222 1443 1295 1512; x_wconf 88' lang='lat' dir='ltr'>edi-</span> 
     </span>
     <span class='ocr_line' id='line_1_12' title="bbox 341 1541 1293 1644; baseline 0.003 -37"><span class='ocrx_word' id='word_1_71' title='bbox 341 1541 455 1611; x_wconf 80' lang='lat' dir='ltr'>tiones</span> <span class='ocrx_word' id='word_1_72' title='bbox 480 1543 615 1632; x_wconf 88' lang='lat' dir='ltr'>plures,</span> <span class='ocrx_word' id='word_1_73' title='bbox 633 1541 805 1644; x_wconf 87' lang='lat' dir='ltr'>quasillo</span> <span class='ocrx_word' id='word_1_74' title='bbox 826 1557 989 1632; x_wconf 91' lang='lat' dir='ltr'>tempore</span> <span class='ocrx_word' id='word_1_75' title='bbox 1010 1556 1072 1608; x_wconf 87' lang='lat' dir='ltr'>aut</span> <span class='ocrx_word' id='word_1_76' title='bbox 1092 1541 1197 1632; x_wconf 82' lang='lat' dir='ltr'>plane</span> <span class='ocrx_word' id='word_1_77' title='bbox 1217 1563 1293 1610; x_wconf 89' lang='lat' dir='ltr'>non</span> 
     </span>
     <span class='ocr_line' id='line_1_13' title="bbox 342 1635 1291 1732; baseline 0.002 -28"><span class='ocrx_word' id='word_1_78' title='bbox 342 1637 497 1731; x_wconf 85' lang='lat' dir='ltr'>cognitas</span> <span class='ocrx_word' id='word_1_79' title='bbox 523 1635 803 1721; x_wconf 72' lang='lat' dir='ltr'>habebam,a‘ut</span> <span class='ocrx_word' id='word_1_80' title='bbox 825 1637 934 1704; x_wconf 84' lang='lat' dir='ltr'>o&#39;culis</span> <span class='ocrx_word' id='word_1_81' title='bbox 954 1661 1028 1706; x_wconf 93' lang='lat' dir='ltr'>non</span> <span class='ocrx_word' id='word_1_82' title='bbox 1050 1636 1291 1732; x_wconf 84' lang='lat' dir='ltr'>inspexeram;</span> 
     </span>
     <span class='ocr_line' id='line_1_14' title="bbox 342 1733 1292 1827; baseline 0.003 -27"><span class='ocrx_word' id='word_1_83' title='bbox 342 1751 595 1827; x_wconf 90' lang='lat' dir='ltr'>praetereaque</span> <span class='ocrx_word' id='word_1_84' title='bbox 624 1733 733 1804; x_wconf 91' lang='lat' dir='ltr'>incidi</span> <span class='ocrx_word' id='word_1_85' title='bbox 763 1735 801 1803; x_wconf 93' lang='lat' dir='ltr'>in</span> <span class='ocrx_word' id='word_1_86' title='bbox 832 1736 1025 1804; x_wconf 82' lang='lat' dir='ltr'>nonnullos</span> <span class='ocrx_word' id='word_1_87' title='bbox 1053 1733 1292 1805; x_wconf 83' lang='lat' dir='ltr'>recentiorum</span> 
     </span>
     <span class='ocr_line' id='line_1_15' title="bbox 340 1846 1292 1917; baseline 0.002 -19"><span class='ocrx_word' id='word_1_88' title='bbox 340 1850 635 1917; x_wconf 78' lang='lat' dir='ltr'>commentarios,</span> <span class='ocrx_word' id='word_1_89' title='bbox 658 1855 698 1900; x_wconf 85' lang='lat' dir='ltr'>rn</span> <span class='ocrx_word' id='word_1_90' title='bbox 727 1848 993 1900; x_wconf 89' lang='lat' dir='ltr'>enumeratrone</span> <span class='ocrx_word' id='word_1_91' title='bbox 1018 1846 1292 1900; x_wconf 86' lang='lat' dir='ltr'>commentarto·</span> 
     </span>
     <span class='ocr_line' id='line_1_16' title="bbox 341 1921 1291 2023; baseline 0 -27"><span class='ocrx_word' id='word_1_92' title='bbox 341 1950 426 1996; x_wconf 86' lang='lat' dir='ltr'>rum</span> <span class='ocrx_word' id='word_1_93' title='bbox 440 1927 486 1996; x_wconf 92' lang='lat' dir='ltr'>ad</span> <span class='ocrx_word' id='word_1_94' title='bbox 502 1927 721 1998; x_wconf 84' lang='lat' dir='ltr'>Aristotelem</span> <span class='ocrx_word' id='word_1_95' title='bbox 737 1928 806 1996; x_wconf 89' lang='lat' dir='ltr'>iam</span> <span class='ocrx_word' id='word_1_96' title='bbox 820 1927 974 1996; x_wconf 85' lang='lat' dir='ltr'>exhibita</span> <span class='ocrx_word' id='word_1_97' title='bbox 987 1952 1007 1996; x_wconf 92' lang='lat' dir='ltr'>a</span> <span class='ocrx_word' id='word_1_98' title='bbox 1023 1951 1082 1997; x_wconf 91' lang='lat' dir='ltr'>me</span> <span class='ocrx_word' id='word_1_99' title='bbox 1094 1921 1291 2023; x_wconf 69' lang='lat' dir='ltr'>negledios,</span> 
     </span>
     <span class='ocr_line' id='line_1_17' title="bbox 340 2021 1292 2118; baseline 0 -26"><span class='ocrx_word' id='word_1_100' title='bbox 340 2024 389 2093; x_wconf 91' lang='lat' dir='ltr'>ita</span> <span class='ocrx_word' id='word_1_101' title='bbox 408 2042 527 2118; x_wconf 89' lang='lat' dir='ltr'>tamen</span> <span class='ocrx_word' id='word_1_102' title='bbox 546 2040 784 2118; x_wconf 89' lang='lat' dir='ltr'>comparatos,</span> <span class='ocrx_word' id='word_1_103' title='bbox 801 2041 841 2108; x_wconf 84' lang='lat' dir='ltr'>ut</span> <span class='ocrx_word' id='word_1_104' title='bbox 855 2023 1139 2116; x_wconf 85' lang='lat' dir='ltr'>praestantissimis</span> <span class='ocrx_word' id='word_1_105' title='bbox 1154 2024 1199 2093; x_wconf 90' lang='lat' dir='ltr'>ad</span> <span class='ocrx_word' id='word_1_106' title='bbox 1215 2021 1292 2092; x_wconf 86' lang='lat' dir='ltr'>Sta-</span> 
     </span>
     <span class='ocr_line' id='line_1_18' title="bbox 342 2111 1292 2217; baseline -0.001 -28"><span class='ocrx_word' id='word_1_107' title='bbox 342 2121 465 2217; x_wconf 82' lang='lat' dir='ltr'>giritae</span> <span class='ocrx_word' id='word_1_108' title='bbox 496 2121 621 2214; x_wconf 88' lang='lat' dir='ltr'>scripta</span> <span class='ocrx_word' id='word_1_109' title='bbox 648 2111 847 2208; x_wconf 76' lang='lat' dir='ltr'>iilustranda</span> <span class='ocrx_word' id='word_1_110' title='bbox 873 2120 1009 2190; x_wconf 82' lang='lat' dir='ltr'>auxiliis</span> <span class='ocrx_word' id='word_1_111' title='bbox 1035 2120 1206 2192; x_wconf 85' lang='lat' dir='ltr'>accenseri</span> <span class='ocrx_word' id='word_1_112' title='bbox 1232 2120 1292 2189; x_wconf 85' lang='lat' dir='ltr'>de·</span> 
     </span>
     <span class='ocr_line' id='line_1_19' title="bbox 341 2217 1291 2310; baseline -0.002 -22"><span class='ocrx_word' id='word_1_113' title='bbox 341 2218 470 2296; x_wconf 89' lang='lat' dir='ltr'>beant;</span> <span class='ocrx_word' id='word_1_114' title='bbox 490 2226 603 2310; x_wconf 88' lang='lat' dir='ltr'>quare&#39;</span> <span class='ocrx_word' id='word_1_115' title='bbox 616 2221 733 2310; x_wconf 87' lang='lat' dir='ltr'>aliqua</span> <span class='ocrx_word' id='word_1_116' title='bbox 750 2217 838 2295; x_wconf 72' lang='lat' dir='ltr'>miiri</span> <span class='ocrx_word' id='word_1_117' title='bbox 853 2219 1012 2288; x_wconf 85' lang='lat' dir='ltr'>materies</span> <span class='ocrx_word' id='word_1_118' title='bbox 1026 2218 1215 2304; x_wconf 83' lang='lat' dir='ltr'>succrevit,</span> <span class='ocrx_word' id='word_1_119' title='bbox 1230 2241 1291 2286; x_wconf 93' lang='lat' dir='ltr'>un·</span> 
     </span>
     <span class='ocr_line' id='line_1_20' title="bbox 342 2307 1291 2410; baseline -0.002 -26"><span class='ocrx_word' id='word_1_120' title='bbox 342 2315 387 2384; x_wconf 89' lang='lat' dir='ltr'>de</span> <span class='ocrx_word' id='word_1_121' title='bbox 403 2316 439 2383; x_wconf 89' lang='lat' dir='ltr'>in</span> <span class='ocrx_word' id='word_1_122' title='bbox 457 2317 573 2408; x_wconf 90' lang='lat' dir='ltr'>primo</span> <span class='ocrx_word' id='word_1_123' title='bbox 593 2307 923 2409; x_wconf 70' lang='lat' dir='ltr'>voluminet&#39;radita</span> <span class='ocrx_word' id='word_1_124' title='bbox 945 2314 976 2384; x_wconf 61' lang='lat' dir='ltr'>ic</span> <span class='ocrx_word' id='word_1_125' title='bbox 996 2316 1120 2410; x_wconf 85' lang='lat' dir='ltr'>corrigi</span> <span class='ocrx_word' id='word_1_126' title='bbox 1140 2313 1172 2384; x_wconf 72' lang='lat' dir='ltr'>dc</span> <span class='ocrx_word' id='word_1_127' title='bbox 1189 2316 1291 2384; x_wconf 86' lang='lat' dir='ltr'>locu-</span> 
     </span>
     <span class='ocr_line' id='line_1_21' title="bbox 340 2407 1299 2507; baseline 0.002 -27"><span class='ocrx_word' id='word_1_128' title='bbox 340 2414 465 2507; x_wconf 86' lang='lat' dir='ltr'>pletari</span> <span class='ocrx_word' id='word_1_129' title='bbox 489 2412 628 2507; x_wconf 84' lang='lat' dir='ltr'>poffint.</span> <span class='ocrx_word' id='word_1_130' title='bbox 648 2411 781 2482; x_wconf 88' lang='lat' dir='ltr'>Suadet</span> <span class='ocrx_word' id='word_1_131' title='bbox 800 2429 920 2482; x_wconf 89' lang='lat' dir='ltr'>autem</span> <span class='ocrx_word' id='word_1_132' title='bbox 940 2412 1011 2505; x_wconf 81' lang='lat' dir='ltr'>ipsa</span> <span class='ocrx_word' id='word_1_133' title='bbox 1031 2436 1082 2480; x_wconf 87' lang='lat' dir='ltr'>rer</span> <span class='ocrx_word' id='word_1_134' title='bbox 1100 2407 1299 2507; x_wconf 69' lang='lat' dir='ltr'>lediorum·¹</span> 
     </span>
     <span class='ocr_line' id='line_1_22' title="bbox 341 2507 1380 2603; baseline -0.002 -25"><span class='ocrx_word' id='word_1_135' title='bbox 341 2533 416 2603; x_wconf 91' lang='lat' dir='ltr'>que</span> <span class='ocrx_word' id='word_1_136' title='bbox 430 2509 687 2596; x_wconf 88' lang='lat' dir='ltr'>commodum,</span> <span class='ocrx_word' id='word_1_137' title='bbox 705 2525 748 2580; x_wconf 89' lang='lat' dir='ltr'>ut</span> <span class='ocrx_word' id='word_1_138' title='bbox 765 2507 945 2600; x_wconf 76' lang='lat' dir='ltr'>quidquid</span> <span class='ocrx_word' id='word_1_139' title='bbox 961 2509 1007 2578; x_wconf 88' lang='lat' dir='ltr'>ad</span> <span class='ocrx_word' id='word_1_140' title='bbox 1024 2525 1208 2603; x_wconf 87' lang='lat' dir='ltr'>apparatus</span> <span class='ocrx_word' id='word_1_141' title='bbox 1226 2508 1290 2577; x_wconf 90' lang='lat' dir='ltr'>cri·</span> <span class='ocrx_word' id='word_1_142' title='bbox 1377 2591 1380 2596; x_wconf 86' lang='lat'>.</span> 
     </span>
     <span class='ocr_line' id='line_1_23' title="bbox 338 2604 1303 2698; baseline -0.002 -22"><span class='ocrx_word' id='word_1_143' title='bbox 338 2609 401 2678; x_wconf 89' lang='lat' dir='ltr'>tici</span> <span class='ocrx_word' id='word_1_144' title='bbox 415 2609 574 2678; x_wconf 80' lang='lat' dir='ltr'>latiorem</span> <span class='ocrx_word' id='word_1_145' title='bbox 591 2606 756 2678; x_wconf 87' lang='lat' dir='ltr'>notitiam</span> <span class='ocrx_word' id='word_1_146' title='bbox 771 2606 890 2692; x_wconf 88' lang='lat' dir='ltr'>faciat,</span> <span class='ocrx_word' id='word_1_147' title='bbox 907 2631 1017 2698; x_wconf 89' lang='lat' dir='ltr'>quarn</span> <span class='ocrx_word' id='word_1_148' title='bbox 1032 2623 1204 2698; x_wconf 90' lang='lat' dir='ltr'>quantam</span> <span class='ocrx_word' id='word_1_149' title='bbox 1218 2604 1303 2674; x_wconf 87' lang='lat' dir='ltr'>iam·</span> 
     </span>
    </p>
   </div>
   <div class='ocr_carea' id='block_1_3' title="bbox 162 2703 1287 2796">
    <p class='ocr_par' dir='ltr' id='par_1_3' title="bbox 162 2703 1287 2796">
     <span class='ocr_line' id='line_1_24' title="bbox 162 2703 1287 2796; baseline -0.002 -24"><span class='ocrx_word' id='word_1_150' title='bbox 162 2722 166 2732; x_wconf 71' lang='lat'>⁴</span> <span class='ocrx_word' id='word_1_151' title='bbox 262 2736 266 2746; x_wconf 41' lang='lat' dir='ltr'>r</span> <span class='ocrx_word' id='word_1_152' title='bbox 338 2704 441 2789; x_wconf 88' lang='lat' dir='ltr'>dedi,</span> <span class='ocrx_word' id='word_1_153' title='bbox 462 2723 523 2775; x_wconf 87' lang='lat' dir='ltr'>aut</span> <span class='ocrx_word' id='word_1_154' title='bbox 539 2705 709 2790; x_wconf 87' lang='lat' dir='ltr'>adhuius</span> <span class='ocrx_word' id='word_1_155' title='bbox 730 2703 834 2796; x_wconf 77' lang='lat' dir='ltr'>ipsius</span> <span class='ocrx_word' id='word_1_156' title='bbox 860 2703 1167 2789; x_wconf 85' lang='lat' dir='ltr'>emendationem,</span> <span class='ocrx_word' id='word_1_157' title='bbox 1190 2703 1287 2772; x_wconf 86' lang='lat' dir='ltr'>eain</span> 
     </span>
    </p>
   </div>
   <div class='ocr_carea' id='block_1_4' title="bbox 270 2796 1288 3279">
    <p class='ocr_par' dir='ltr' id='par_1_4' title="bbox 339 2796 1288 3086">
     <span class='ocr_line' id='line_1_25' title="bbox 339 2796 1288 2892; baseline -0.003 -23"><span class='ocrx_word' id='word_1_158' title='bbox 339 2800 378 2869; x_wconf 91' lang='lat' dir='ltr'>id</span> <span class='ocrx_word' id='word_1_159' title='bbox 397 2819 538 2892; x_wconf 83' lang='lat' dir='ltr'>tempus</span> <span class='ocrx_word' id='word_1_160' title='bbox 559 2824 641 2869; x_wconf 91' lang='lat' dir='ltr'>cum</span> <span class='ocrx_word' id='word_1_161' title='bbox 659 2796 846 2869; x_wconf 76' lang='lat' dir='ltr'>ledioribus</span> <span class='ocrx_word' id='word_1_162' title='bbox 867 2799 1164 2881; x_wconf 85' lang='lat' dir='ltr'>communicanda</span> <span class='ocrx_word' id='word_1_163' title='bbox 1180 2797 1288 2866; x_wconf 88' lang='lat' dir='ltr'>reser-</span> 
     </span>
     <span class='ocr_line' id='line_1_26' title="bbox 339 2893 1286 2992; baseline -0.003 -25"><span class='ocrx_word' id='word_1_164' title='bbox 339 2918 441 2982; x_wconf 88' lang='lat' dir='ltr'>vem,</span> <span class='ocrx_word' id='word_1_165' title='bbox 457 2897 521 2966; x_wconf 92' lang='lat' dir='ltr'>ubi</span> <span class='ocrx_word' id='word_1_166' title='bbox 533 2897 707 2966; x_wconf 87' lang='lat' dir='ltr'>librorum</span> <span class='ocrx_word' id='word_1_167' title='bbox 723 2893 911 2964; x_wconf 83' lang='lat' dir='ltr'>Aristotelis</span> <span class='ocrx_word' id='word_1_168' title='bbox 932 2895 1148 2992; x_wconf 54' lang='lat' dir='ltr'>fingulorum</span> <span class='ocrx_word' id='word_1_169' title='bbox 1169 2911 1286 2964; x_wconf 83' lang='lat' dir='ltr'>textus</span> 
     </span>
     <span class='ocr_line' id='line_1_27' title="bbox 340 2991 1288 3086; baseline -0.005 -22"><span class='ocrx_word' id='word_1_170' title='bbox 340 2994 558 3086; x_wconf 86' lang='lat' dir='ltr'>excudetur,</span> <span class='ocrx_word' id='word_1_171' title='bbox 576 2991 791 3086; x_wconf 86' lang='lat' dir='ltr'>quibuscum</span> <span class='ocrx_word' id='word_1_172' title='bbox 812 2991 937 3061; x_wconf 90' lang='lat' dir='ltr'>notitia</span> <span class='ocrx_word' id='word_1_173' title='bbox 959 2992 1017 3061; x_wconf 91' lang='lat' dir='ltr'>illa</span> <span class='ocrx_word' id='word_1_174' title='bbox 1033 2992 1155 3083; x_wconf 90' lang='lat' dir='ltr'>aliquo</span> <span class='ocrx_word' id='word_1_175' title='bbox 1174 2991 1288 3061; x_wconf 89' lang='lat' dir='ltr'>modo</span> 
     </span>
    </p>

    <p class='ocr_par' dir='ltr' id='par_1_5' title="bbox 270 3087 1287 3279">
     <span class='ocr_line' id='line_1_28' title="bbox 312 3087 1287 3184; baseline -0.004 -24"><span class='ocrx_word' id='word_1_176' title='bbox 312 3090 314 3094; x_wconf 67' lang='grc'>’</span> <span class='ocrx_word' id='word_1_177' title='bbox 338 3087 528 3160; x_wconf 71' lang='lat' dir='ltr'>coniundia</span> <span class='ocrx_word' id='word_1_178' title='bbox 552 3091 608 3160; x_wconf 90' lang='lat' dir='ltr'>est.</span> <span class='ocrx_word' id='word_1_179' title='bbox 639 3089 849 3159; x_wconf 85' lang='lat' dir='ltr'>Memorabo</span> <span class='ocrx_word' id='word_1_180' title='bbox 871 3088 976 3184; x_wconf 85' lang='lat' dir='ltr'>igitur</span> <span class='ocrx_word' id='word_1_181' title='bbox 1002 3089 1058 3158; x_wconf 91' lang='lat' dir='ltr'>hic</span> <span class='ocrx_word' id='word_1_182' title='bbox 1082 3090 1186 3160; x_wconf 88' lang='lat' dir='ltr'>etiarn</span> <span class='ocrx_word' id='word_1_183' title='bbox 1211 3109 1287 3157; x_wconf 92' lang='lat' dir='ltr'>non</span> 
     </span>
     <span class='ocr_line' id='line_1_29' title="bbox 270 3185 1287 3279; baseline -0.004 -21"><span class='ocrx_word' id='word_1_184' title='bbox 270 3225 273 3232; x_wconf 92' lang='lat'>·</span> <span class='ocrx_word' id='word_1_185' title='bbox 337 3188 401 3259; x_wconf 89' lang='lat' dir='ltr'>nisr</span> <span class='ocrx_word' id='word_1_186' title='bbox 420 3213 478 3274; x_wconf 86' lang='lat' dir='ltr'>ea,</span> <span class='ocrx_word' id='word_1_187' title='bbox 496 3203 593 3279; x_wconf 91' lang='lat' dir='ltr'>quae</span> <span class='ocrx_word' id='word_1_188' title='bbox 605 3189 662 3257; x_wconf 89' lang='lat' dir='ltr'>vel</span> <span class='ocrx_word' id='word_1_189' title='bbox 682 3188 780 3257; x_wconf 73' lang='lat' dir='ltr'>crisin</span> <span class='ocrx_word' id='word_1_190' title='bbox 795 3188 852 3256; x_wconf 85' lang='lat' dir='ltr'>vel</span> <span class='ocrx_word' id='word_1_191' title='bbox 872 3185 1200 3278; x_wconf 87' lang='lat' dir='ltr'>interpretationem</span> <span class='ocrx_word' id='word_1_192' title='bbox 1216 3185 1287 3254; x_wconf 80' lang='lat' dir='ltr'>Or-</span> 
     </span>
    </p>
   </div>
   <div class='ocr_carea' id='block_1_5' title="bbox 1424 365 1431 1874">
    <p class='ocr_par' dir='ltr' id='par_1_6' title="bbox 1424 365 1431 1874">
     <span class='ocr_line' id='line_1_30' title="bbox 1424 365 1431 1874; baseline 0 0"><span class='ocrx_word' id='word_1_193' title='bbox 1424 365 1431 1874; x_wconf 95' lang='lat' dir='ltr'> </span> 
     </span>
    </p>
   </div>
   <div class='ocr_carea' id='block_1_6' title="bbox 338 3281 1427 3382">
    <p class='ocr_par' dir='ltr' id='par_1_7' title="bbox 338 3281 1427 3382">
     <span class='ocr_line' id='line_1_31' title="bbox 338 3281 1427 3382; baseline -0.002 -29"><span class='ocrx_word' id='word_1_194' title='bbox 338 3286 418 3382; x_wconf 84' lang='lat' dir='ltr'>gani</span> <span class='ocrx_word' id='word_1_195' title='bbox 437 3285 632 3370; x_wconf 88' lang='lat' dir='ltr'>librorum,</span> <span class='ocrx_word' id='word_1_196' title='bbox 654 3307 744 3374; x_wconf 83' lang='lat' dir='ltr'>qnos</span> <span class='ocrx_word' id='word_1_197' title='bbox 765 3283 838 3352; x_wconf 90' lang='lat' dir='ltr'>duo</span> <span class='ocrx_word' id='word_1_198' title='bbox 859 3285 977 3376; x_wconf 86' lang='lat' dir='ltr'>priora</span> <span class='ocrx_word' id='word_1_199' title='bbox 999 3283 1104 3352; x_wconf 89' lang='lat' dir='ltr'>huius</span> <span class='ocrx_word' id='word_1_200' title='bbox 1120 3281 1285 3353; x_wconf 85' lang='lat' dir='ltr'>editionis</span> <span class='ocrx_word' id='word_1_201' title='bbox 1353 3327 1358 3330; x_wconf 98' lang='lat'>-</span> <span class='ocrx_word' id='word_1_202' title='bbox 1384 3339 1386 3342; x_wconf 90' lang='lat'>.</span> <span class='ocrx_word' id='word_1_203' title='bbox 1426 3321 1427 3326; x_wconf 17' lang='grc' dir='ltr'><strong>κ</strong></span> 
     </span>
    </p>
   </div>
   <div class='ocr_carea' id='block_1_7' title="bbox 336 3375 1286 3865">
    <p class='ocr_par' dir='ltr' id='par_1_8' title="bbox 336 3375 1286 3865">
     <span class='ocr_line' id='line_1_32' title="bbox 336 3375 1286 3476; baseline -0.005 -22"><span class='ocrx_word' id='word_1_204' title='bbox 336 3383 521 3454; x_wconf 87' lang='lat' dir='ltr'>volumina</span> <span class='ocrx_word' id='word_1_205' title='bbox 532 3375 994 3474; x_wconf 69' lang='lat' dir='ltr'>comploduntur,propius</span> <span class='ocrx_word' id='word_1_206' title='bbox 1005 3380 1190 3476; x_wconf 84' lang='lat' dir='ltr'>attingant,</span> <span class='ocrx_word' id='word_1_207' title='bbox 1201 3403 1286 3450; x_wconf 91' lang='lat' dir='ltr'>curn</span> 
     </span>
     <span class='ocr_line' id='line_1_33' title="bbox 337 3476 1284 3570; baseline -0.003 -21"><span class='ocrx_word' id='word_1_208' title='bbox 337 3502 416 3549; x_wconf 89' lang='lat' dir='ltr'>mea</span> <span class='ocrx_word' id='word_1_209' title='bbox 431 3479 561 3549; x_wconf 77' lang='lat' dir='ltr'>intersit</span> <span class='ocrx_word' id='word_1_210' title='bbox 574 3479 748 3564; x_wconf 84' lang='lat' dir='ltr'>maxime,</span> <span class='ocrx_word' id='word_1_211' title='bbox 763 3501 809 3547; x_wconf 91' lang='lat' dir='ltr'>ne</span> <span class='ocrx_word' id='word_1_212' title='bbox 821 3477 935 3568; x_wconf 88' lang='lat' dir='ltr'>iniqui</span> <span class='ocrx_word' id='word_1_213' title='bbox 949 3476 1069 3546; x_wconf 89' lang='lat' dir='ltr'>iuditii</span> <span class='ocrx_word' id='word_1_214' title='bbox 1083 3477 1284 3570; x_wconf 88' lang='lat' dir='ltr'>periculum</span> 
     </span>
     <span class='ocr_line' id='line_1_34' title="bbox 336 3567 1284 3663; baseline -0.002 -17"><span class='ocrx_word' id='word_1_215' title='bbox 336 3575 503 3663; x_wconf 80' lang='lat' dir='ltr'>subeam,</span> <span class='ocrx_word' id='word_1_216' title='bbox 518 3593 559 3646; x_wconf 91' lang='lat' dir='ltr'>ut</span> <span class='ocrx_word' id='word_1_217' title='bbox 580 3591 739 3645; x_wconf 88' lang='lat' dir='ltr'>accurate</span> <span class='ocrx_word' id='word_1_218' title='bbox 758 3599 801 3644; x_wconf 89' lang='lat' dir='ltr'>co</span> <span class='ocrx_word' id='word_1_219' title='bbox 852 3575 970 3644; x_wconf 86' lang='lat' dir='ltr'>oscant</span> <span class='ocrx_word' id='word_1_220' title='bbox 986 3573 1053 3642; x_wconf 89' lang='lat' dir='ltr'>viri</span> <span class='ocrx_word' id='word_1_221' title='bbox 1072 3567 1189 3660; x_wconf 69' lang='lat' dir='ltr'>dotti,</span> <span class='ocrx_word' id='word_1_222' title='bbox 1207 3597 1284 3644; x_wconf 87' lang='lat' dir='ltr'>non</span> 
     </span>
     <span class='ocr_line' id='line_1_35' title="bbox 337 3669 1284 3766; baseline -0.002 -24"><span class='ocrx_word' id='word_1_223' title='bbox 337 3673 473 3761; x_wconf 84' lang='lat' dir='ltr'>solum,</span> <span class='ocrx_word' id='word_1_224' title='bbox 495 3697 587 3766; x_wconf 88' lang='lat' dir='ltr'>quae</span> <span class='ocrx_word' id='word_1_225' title='bbox 605 3671 795 3743; x_wconf 87' lang='lat' dir='ltr'>subsrdiaa</span> <span class='ocrx_word' id='word_1_226' title='bbox 842 3673 905 3742; x_wconf 89' lang='lat' dir='ltr'>hos</span> <span class='ocrx_word' id='word_1_227' title='bbox 928 3672 1034 3741; x_wconf 87' lang='lat' dir='ltr'>libros</span> <span class='ocrx_word' id='word_1_228' title='bbox 1055 3669 1284 3742; x_wconf 86' lang='lat' dir='ltr'>recensendos</span> 
     </span>
     <span class='ocr_line' id='line_1_36' title="bbox 337 3767 1283 3865; baseline -0.003 -22"><span class='ocrx_word' id='word_1_229' title='bbox 337 3771 426 3858; x_wconf 76' lang='lat' dir='ltr'>mihi</span> <span class='ocrx_word' id='word_1_230' title='bbox 451 3771 602 3860; x_wconf 79' lang='lat' dir='ltr'>fuerint,</span> <span class='ocrx_word' id='word_1_231' title='bbox 626 3767 658 3840; x_wconf 70' lang='lat' dir='ltr'>Sc</span> <span class='ocrx_word' id='word_1_232' title='bbox 680 3767 770 3864; x_wconf 92' lang='lat' dir='ltr'>quid</span> <span class='ocrx_word' id='word_1_233' title='bbox 791 3769 838 3842; x_wconf 86' lang='lat' dir='ltr'>ad</span> <span class='ocrx_word' id='word_1_234' title='bbox 864 3769 1123 3865; x_wconf 84' lang='lat' dir='ltr'>expolitionem</span> <span class='ocrx_word' id='word_1_235' title='bbox 1145 3785 1283 3856; x_wconf 80' lang='lat' dir='ltr'>textus,</span> 
     </span>
    </p>
   </div>
   <div class='ocr_carea' id='block_1_8' title="bbox 0 0 1432 5024">
    <p class='ocr_par' dir='ltr' id='par_1_9' title="bbox 0 0 1432 5024">
     <span class='ocr_line' id='line_1_37' title="bbox 0 0 1432 5024; baseline 0 2"><span class='ocrx_word' id='word_1_236' title='bbox 0 0 1432 5024; x_wconf 95' lang='lat' dir='ltr'> </span> 
     </span>
    </p>
   </div>
   <div class='ocr_carea' id='block_1_9' title="bbox 1425 3907 1430 4906">
    <p class='ocr_par' dir='ltr' id='par_1_10' title="bbox 1425 3907 1430 4906">
     <span class='ocr_line' id='line_1_38' title="bbox 1425 3907 1430 4906; baseline 0 0"><span class='ocrx_word' id='word_1_237' title='bbox 1425 3907 1430 4906; x_wconf 95' lang='lat' dir='ltr'> </span> 
     </span>
    </p>
   </div>
  </div>
 </body>
</html>
