2862 5032
269 377 931 492 nunnuncouum.
1013 439 1077 490 101

165 551 284 616 Eodem
300 554 500 618 modoetiam
519 555 557 616 de
573 554 723 638 negativis
744 554 939 618 iudicandum
958 553 1011 617 est.
1099 569 1103 576 ’

165 633 385 698 Universaliter
406 637 479 699 dicit
506 635 704 712 Arilloreles,
731 637 815 718 quod
843 638 991 698 terminos
1021 653 1083 718 po-

124 731 201 776 nere
223 733 347 801 oportet
372 716 442 796 casu
465 718 594 780 nominis
619 717 824 857 appellarivo,
842 733 877 780 ut
896 717 1009 792 homo,
1029 732 1083 777 aut

124 794 266 871 bonum,
298 814 353 860 aut
372 799 541 874 contraria,
566 817 628 860 non
677 799 808 874 ominis,
828 815 881 860 aut
913 797 1007 872 boni,
1030 811 1084 858 aut

125 879 371 954 contrariorum
388 898 445 960 pro
466 878 618 964 ostiones'
637 892 740 941 autem
758 877 918 942 sumendae
943 876 1012 942 sunt
1034 876 1049 938 s
1065 908 1084 922 -

127 957 262 1020 cundum
283 900 518 1042 uniuscuiusque
533 957 628 1023 casus.

170 1035 268 1100 Inesse
285 1041 345 1102 hoc
362 1039 422 1116 illi,
439 1040 472 1102 δι
485 1051 593 1102 verum
616 1039 676 1101 hoc
696 1039 734 1101 de
752 1039 805 1102 illo
823 1037 903 1114 elle,
919 1054 969 1102 tot
986 1037 1085 1100 modis

127 1115 323 1197 sumendum,
343 1139 420 1201 quot
438 1121 535 1184 modis
551 1123 722 1216 categoriae
741 1119 854 1182 divisae
875 1118 962 1194 sunr,
979 1120 1011 1184 δι
1030 1117 1085 1179 has

128 1201 443 1422 ilpllssllssill:
457 1218 515 1344 {ll
532 1200 731 1365 lullum
756 1219 912 1284 mererer
932 1218 1011 1264 “¹⁰
1030 1214 1084 1262 ‘¹¹¹‘

200 1361 403 1445 eduplicatum
418 1364 450 1425 in
473 1361 731 1448 propositionibus
749 1362 786 1426 ad
813 1362 959 1424 maiorem
979 1361 1084 1424 termi-

129 1460 203 1505 num
222 1444 395 1526 ponendum
416 1442 470 1506 est.

171 1521 244 1583 Non
266 1523 310 1585 est
330 1525 436 1586 eadem
455 1523 654 1586 terminorum
675 1521 860 1598 collocatio,
876 1520 999 1606 quando
1011 1519 1084 1601 quid

129 1601 304 1686 simpliciter
323 1604 495 1687 colligitur,
514 1603 686 1686 &quando
707 1605 767 1667 hoc
784 1621 925 1682 eertum,¹
937 1617 990 1666 aut
1008 1619 1085 1684 qua-

130 1684 305 1765 damtenus,
323 1701 378 1747 aut
419 1685 635 1748 uodammodo.

172 1763 305 1848 Oportet
316 1785 372 1828 nos
389 1705 551 1848 diquando
565 1783 753 1830 commutare
767 1767 846 1829 inter
855 1764 904 1839 se,
916 1781 995 1847 quae
1006 1761 1086 1824 idem

131 1845 257 1930 poliunt
263 1891 274 1922 ,
293 1847 416 1910 nomina
433 1866 490 1930 pro
509 1848 699 1922 nominibus,
719 1849 873 1910 orationes
893 1865 953 1930 pro
968 1844 1086 1907 oratio-
1174 1892 1180 1900 .

132 1927 241 2002 nibus,
262 1927 295 1988 δι
318 1946 430 1988 nomen
450 1928 483 1990 δι
502 1929 689 2003 orationem,
708 1928 740 1990 dr
760 1926 875 2012 semper
894 1945 953 2008 pro
972 1924 1085 1988 orario·
1139 1979 1144 1989 ,

132 2024 304 2151 pipnoppen
323 2007 463 2086 sumere,
482 2027 553 2071 cum
577 2009 619 2070 ita
643 2010 840 2072 terminorum
867 2005 1017 2091 expositio
1036 2004 1086 2066 fa-

173 2107 221 2150 ror
262 2103 286 2151 t.

175 2167 284 2230 literis
311 2187 374 2235 non
394 2169 490 2232 utitur
514 2168 715 2244 Aristoteles,
733 2185 769 2232 ut
793 2183 1086 2251 praeconantem

132 2247 321 2332 significent,
338 2248 389 2311 sed
410 2267 444 2314 ut
461 2249 628 2313 Geometra
644 2249 781 2333 pedalem
803 2252 834 2314 δι
848 2249 977 2324 reuam,
990 2249 1023 2310 δι
1039 2247 1086 2306 la-

134 2329 272 2392 titudinis
290 2348 444 2414 expertem
463 2331 540 2392 hanc
565 2331 637 2394 dicit
657 2332 785 2407 lineam,
800 2331 871 2393 licet
895 2349 958 2391 non
976 2327 1032 2404 fit3
1046 2326 1088 2405 [ιφ

133 2410 231 2554 ἱιέΙιΙιε
245 2410 340 2474 literis
357 2430 420 2478 nou
434 2411 476 2476 ira
489 2413 603 2488 utitur,
616 2428 760 2494 tanquam
772 2431 810 2474 ex
826 2411 884 2474 illis
893 2409 1006 2492 aliquid
1022 2407 1087 2472 ml-

216 2511 278 2556 rue.
957 2507 959 2512 ’

176 2571 369 2649 Univerlim,
384 2573 468 2656 quod
487 2573 608 2636 nonest
628 2573 789 2649 affedium,
801 2587 836 2634 ur
852 2587 952 2634 torum
967 2570 1005 2633 ad
1017 2588 1088 2652 pan·

134 2669 219 2729 tem,
238 2653 272 2716 dr
294 2654 375 2716 aliud
397 2654 435 2716 ad
458 2653 573 2738 ipsum,
597 2671 633 2718 ut
649 2673 718 2738 pars
742 2653 780 2716 ad
798 2668 917 2728 totum,
938 2670 976 2713 ex
1002 2650 1087 2712 nullo

134 2751 244 2796 eorum
261 2733 374 2816 aliquid
391 2733 588 2798 demonstrari
608 2735 718 2819 potest.

178 2813 372 2898 Expositione
388 2817 432 2878 ita
453 2817 583 2892 urimur,
607 2833 642 2880 ut
663 2833 754 2892 eum,
774 2815 827 2899 qui
856 2811 1088 2876 demonstratio-

135 2895 226 2958 nibus
247 2897 396 2973 attendit,
416 2894 504 2959 sensu
523 2899 569 2959 uri
586 2897 723 2960 dicimus.
759 2953 769 2973 ,
819 2905 821 2910 '

141 3019 149 3032 .
178 2975 215 3038 ln
235 2995 299 3040 uuo
320 2976 375 3058 lyll
416 2976 492 3042 'smo
509 2997 573 3041 non
587 2997 694 3042 omnes
705 2974 916 3041 conclufiones
928 2993 983 3058 per
997 2993 1088 3037 unam

136 3055 263 3200 figurplrp
279 3058 389 3122 conclu
408 3073 523 3136 untur,
538 3058 590 3123 sed
607 3060 682 3123 haec
706 3058 829 3142 quidem
849 3075 904 3141 per
921 3056 1019 3134 hanc,
1038 3055 1088 3118 illa

136 3155 193 3221 per
251 3159 311 3202 am.

186 3293 272 3388 Cap.
291 3292 495 3368 XXXVIII.
509 3291 567 3364 De
584 3292 772 3386 resolutione
777 3289 1036 3388 syllogismorum

378 3459 381 3468 .
477 3390 779 3496 hypotheticorum

178 3523 407 3608 Hypotheticos
425 3520 614 3606 syllogismos
630 3539 693 3583 non
713 3520 756 3582 est
775 3518 968 3594 tentandum,
987 3531 1022 3579 ut
1036 3533 1088 3577 re-

135 3603 305 3682 ducamus,
325 3623 396 3666 cum
419 3623 458 3666 ex
480 3601 585 3688 positis
605 3621 669 3666 non
689 3599 777 3686 poffit
795 3599 947 3683 quidpiam
966 3597 1089 3691 reduci,

138 3686 174 3749 δι
190 3705 252 3747 non
274 3683 332 3748 smt
349 3703 404 3768 per
417 3683 619 3768 syllogismum
635 3681 764 3758 ostensi,
779 3680 829 3744 sed
845 3699 900 3765 per
916 3694 1089 3742 contenno-

139 3761 826 3928 ”edrdffll²i¹eiovee¹rl¹{m⁶⁰llldpissds⁵ios
851 3839 888 3904 aa
913 3837 1089 3926 impoffime

840 3933 910 4016 ⁰³
