2856 5024
247 411 371 486 tntu
394 409 459 482 nn
483 361 963 486 rnrnntnurnnoun
1040 421 1085 487 rt

150 543 384 612 ,Neceiiariutn
395 563 458 607 non
467 542 610 626 consequi
619 544 676 620 ita,
686 541 865 610 utreii'uos
937 541 941 548 '
973 543 977 548 ’

220 627 345 702 modos,
360 625 449 688 causa
468 625 528 700 eii,
541 624 624 706 quod
641 565 824 708 Impoffibiie

270 709 304 772 dr
321 705 529 770 Neceffariunt
554 709 704 770 contrarie
725 724 785 790 op-

432 803 598 872 ponuntur.

181 869 336 944 Potentia,
346 887 425 951 quae
440 869 589 932 aratione
602 887 666 932 non
681 867 864 944 oritur‚.non

166 983 172 996 ·
262 950 313 1014 est·
357 949 657 1012 tentincontrariatn
670 965 797 1031 partem.

182 1029 277 1112 Qtne
313 1049 416 1113 emper
436 1047 622 1114 operanmr,
638 1029 689 1092 illa
711 1043 774 1091 non
792 1031 865 1114 pos·

330 1110 398 1174 sunt
417 1111 504 1174 aliter
520 1109 551 1170 se
570 1110 694 1174 habete.

181 1193 277 1256 'Aliud
287 1189 423 1288 poffibiie
432 1189 489 1266 eb,
500 1191 570 1273 quin
585 1209 668 1254 nunc
677 1191 757 1273 agit,
767 1192 866 1270 aliud,

182 1353 349 1418 Neceffarii
357 1271 724 1496 nilodliausafiritffiiiicum
735 1351 790 1416 fibi
800 1356 868 1452 tin·
931 1353 1090 1500 capfiuxll.

183 1516 359 1613 Neceffatio
378 1451 586 1610 quidquidatest
597 1516 654 1612 ,id
671 1516 740 1579 adiu
756 1514 810 1578 eiu

182 1598 286 1662 Priora
304 1597 374 1662 sunt
390 1596 510 1672 dium,
529 1595 562 1658 dt
577 1615 661 1679 prtor
678 1597 722 1660 est
744 1595 848 1672 adiut,

393 1696 483 1760 quiam
503 1679 648 1760 potentia.

183 1759 322 1841 Quidam
344 1758 413 1826 sunt
436 1757 522 1821 attus
548 1756 610 1820 fine
634 1762 792 1840 potentia,
813 1775 849 1822 ut
956 1755 960 1762 '

154 1875 158 1882 ·
353 1837 531 1902 substantiae
552 1840 676 1921 primae.

182 1919 322 2006 Quidam
339 1920 500 1986 suntadus
515 1939 584 1984 cum
602 1923 756 2004 potentia,
768 1939 804 1986 ut
817 1940 870 1984 eo-

224 2023 311 2082 rum,
330 2021 409 2086 quae
433 2001 541 2066 naturd
582 2004 662 2098 riona
683 2001 771 2080 sunt,
796 2018 828 2064 at

184 2101 745 2251 Quaedamtinrinpirpioiintiiiortimnit
766 2161 852 2229 auus

444 2262 593 2330 expertes.

347 2481 403 2553 Do
423 2483 693 2554 enuntiationibus
713 2483 891 2552 contrariis.

185 2640 302 2722 Opinio
314 2640 465 2702 contraria
474 2635 517 2699 est
525 2655 573 2712 ea,
582 2653 660 2718 quae
668 2635 712 2698 est
725 2634 879 2718 conpratii.

188 2719 459 2800 Quemadmodum
477 2717 636 2801 opiniones
651 2714 681 2778 se
694 2716 821 2791 habent,
834 2715 876 2776 ita

390 2799 424 2864 dr
445 2798 674 2884 propofitiones.

189 2877 875 2966 Affirmationinegatio‚negationiaffirmatio
929 2873 1096 2960 cap.le-

229 2965 416 3058 opponitur,
433 2961 613 3046 praedicatis
629 2958 835 3055 contruditu-

317 3064 387 3118 rus,
399 3063 461 3106 non
479 3058 581 3105 autem
597 3057 765 3105 contrariis,
927 3048 934 3056 '

187 3123 350 3196 Connaria
360 3123 445 3188 sonui
462 3125 514 3188 uni
525 3124 558 3188 dr
576 3121 673 3186 eidem
688 3140 751 3186 oon
762 3119 873 3185 insunt.

503 3333 745 3372 hun—n·—

191 3527 243 3592 De
265 3528 436 3592 fincetitate
462 3524 530 3590 libri
551 3524 589 3587 de
608 3522 859 3608 interpretatione
878 3541 1001 3607 quoque
1024 3523 1095 3607 piu-
1127 3567 1129 3574 -

150 3629 200 3676 res
221 3610 415 3686 dubitarunt,
435 3609 467 3671 δι
491 3627 529 3670 ex
557 3607 777 3688 antiquioribus
801 3606 1013 3700 interpretibus
1033 3603 1095 3686 ipse
1172 3621 1179 3632 ·

151 3690 345 3756 Andronicus
367 3689 523 3766 Rhodius,
560 3691 651 3754 rinus
669 3687 813 3752 librorum
836 3685 1005 3750 Anibotelis
1027 3683 1094 3746 edi-

149 3771 510 3848 tor‚visuss1biinven'
539 3789 575 3848 e,
598 3789 676 3852 quae
701 3768 832 3854 spurium
862 3787 931 3831 eum
954 3765 1096 3849 prodant.

151 3853 329 3922 Atistoteles
351 3871 459 3940 nempe
480 3854 564 3919 baud
580 3851 688 3938 procul
709 3851 888 3937 aprittcipio
907 3847 975 3914 libri
997 3845 1097 3909 inutile·
