<?xml version="1.0" encoding="UTF-8"?>
<!DOCTYPE html PUBLIC "-//W3C//DTD XHTML 1.0 Transitional//EN"
    "http://www.w3.org/TR/xhtml1/DTD/xhtml1-transitional.dtd">
<html xmlns="http://www.w3.org/1999/xhtml" xml:lang="en" lang="en">
 <head>
  <title>
</title>
<meta http-equiv="Content-Type" content="text/html;charset=utf-8" />
  <meta name='ocr-system' content='tesseract 3.04.00' />
  <meta name='ocr-capabilities' content='ocr_page ocr_carea ocr_par ocr_line ocrx_word'/>
</head>
<body>
  <div class='ocr_page' id='page_1' title='image "./operaomniagraec00arisgoog_0133.png"; bbox 0 0 2814 5030; ppageno 0'>
   <div class='ocr_carea' id='block_1_1' title="bbox 232 385 1087 531">
    <p class='ocr_par' dir='ltr' id='par_1_1' title="bbox 232 385 1087 531">
     <span class='ocr_line' id='line_1_1' title="bbox 232 385 1087 531; baseline 0.008 -32"><span class='ocrx_word' id='word_1_1' title='bbox 232 385 900 503; x_wconf 64' lang='lat' dir='ltr'>nunnr‘mc&#39;onun.</span> <span class='ocrx_word' id='word_1_2' title='bbox 993 453 1087 531; x_wconf 60' lang='grc' dir='ltr'>ως·</span> 
     </span>
    </p>
   </div>
   <div class='ocr_carea' id='block_1_2' title="bbox 92 557 1121 1209">
    <p class='ocr_par' dir='ltr' id='par_1_2' title="bbox 92 557 1121 784">
     <span class='ocr_line' id='line_1_2' title="bbox 94 557 1060 644; baseline 0.001 -22"><span class='ocrx_word' id='word_1_3' title='bbox 94 559 192 622; x_wconf 82' lang='lat' dir='ltr'>idem</span> <span class='ocrx_word' id='word_1_4' title='bbox 208 561 343 644; x_wconf 84' lang='lat' dir='ltr'>pluribus</span> <span class='ocrx_word' id='word_1_5' title='bbox 354 562 479 624; x_wconf 85' lang='lat' dir='ltr'>omnino</span> <span class='ocrx_word' id='word_1_6' title='bbox 494 557 585 632; x_wconf 82' lang='lat' dir='ltr'>inest,</span> <span class='ocrx_word' id='word_1_7' title='bbox 602 557 624 620; x_wconf 82' lang='lat' dir='ltr'>ir</span> <span class='ocrx_word' id='word_1_8' title='bbox 641 559 763 640; x_wconf 86' lang='lat' dir='ltr'>quidem</span> <span class='ocrx_word' id='word_1_9' title='bbox 779 579 817 622; x_wconf 81' lang='lat' dir='ltr'>ex</span> <span class='ocrx_word' id='word_1_10' title='bbox 834 562 880 622; x_wconf 89' lang='lat' dir='ltr'>his</span> <span class='ocrx_word' id='word_1_11' title='bbox 891 560 960 621; x_wconf 80' lang='lat' dir='ltr'>illud</span> <span class='ocrx_word' id='word_1_12' title='bbox 968 560 1060 623; x_wconf 88' lang='lat' dir='ltr'>lateat</span> 
     </span>
     <span class='ocr_line' id='line_1_3' title="bbox 92 640 1121 725; baseline 0.003 -23"><span class='ocrx_word' id='word_1_13' title='bbox 92 643 300 725; x_wconf 81' lang='lat' dir='ltr'>quempiam,</span> <span class='ocrx_word' id='word_1_14' title='bbox 316 641 400 724; x_wconf 82' lang='lat' dir='ltr'>isque</span> <span class='ocrx_word' id='word_1_15' title='bbox 416 641 599 716; x_wconf 84' lang='lat' dir='ltr'>arbitretur,</span> <span class='ocrx_word' id='word_1_16' title='bbox 618 640 692 720; x_wconf 89' lang='lat' dir='ltr'>nulii</span> <span class='ocrx_word' id='word_1_17' title='bbox 708 641 780 704; x_wconf 88' lang='lat' dir='ltr'>iilud</span> <span class='ocrx_word' id='word_1_18' title='bbox 800 640 912 719; x_wconf 79' lang='lat' dir='ltr'>incise,</span> <span class='ocrx_word' id='word_1_19' title='bbox 932 643 981 702; x_wconf 76' lang='lat' dir='ltr'>boc</span> <span class='ocrx_word' id='word_1_20' title='bbox 1000 660 1061 704; x_wconf 79' lang='lat' dir='ltr'>ve·</span> <span class='ocrx_word' id='word_1_21' title='bbox 1118 711 1121 718; x_wconf 56' lang='grc'><strong>,</strong></span> 
     </span>
     <span class='ocr_line' id='line_1_4' title="bbox 94 721 463 784; baseline -0.003 -1"><span class='ocrx_word' id='word_1_22' title='bbox 94 742 145 784; x_wconf 86' lang='lat' dir='ltr'>ro</span> <span class='ocrx_word' id='word_1_23' title='bbox 166 723 247 784; x_wconf 90' lang='lat' dir='ltr'>idem</span> <span class='ocrx_word' id='word_1_24' title='bbox 266 721 339 784; x_wconf 84' lang='lat' dir='ltr'>sciat</span> <span class='ocrx_word' id='word_1_25' title='bbox 360 721 463 784; x_wconf 82' lang='lat' dir='ltr'>incise.</span> 
     </span>
    </p>

    <p class='ocr_par' dir='ltr' id='par_1_3' title="bbox 94 800 1061 1026">
     <span class='ocr_line' id='line_1_5' title="bbox 147 800 1061 886; baseline 0.004 -24"><span class='ocrx_word' id='word_1_26' title='bbox 147 800 185 863; x_wconf 93' lang='lat' dir='ltr'>Id</span> <span class='ocrx_word' id='word_1_27' title='bbox 205 803 241 866; x_wconf 88' lang='lat' dir='ltr'>fit</span> <span class='ocrx_word' id='word_1_28' title='bbox 263 804 315 865; x_wconf 91' lang='lat' dir='ltr'>vel</span> <span class='ocrx_word' id='word_1_29' title='bbox 332 804 363 864; x_wconf 91' lang='lat' dir='ltr'>in</span> <span class='ocrx_word' id='word_1_30' title='bbox 381 803 489 865; x_wconf 87' lang='lat' dir='ltr'>eodem</span> <span class='ocrx_word' id='word_1_31' title='bbox 510 801 633 877; x_wconf 87' lang='lat' dir='ltr'>ordine,</span> <span class='ocrx_word' id='word_1_32' title='bbox 652 802 704 863; x_wconf 89' lang='lat' dir='ltr'>vel</span> <span class='ocrx_word' id='word_1_33' title='bbox 728 803 760 863; x_wconf 91' lang='lat' dir='ltr'>in</span> <span class='ocrx_word' id='word_1_34' title='bbox 786 801 928 877; x_wconf 89' lang='lat' dir='ltr'>diverso,</span> <span class='ocrx_word' id='word_1_35' title='bbox 954 802 1061 886; x_wconf 85' lang='lat' dir='ltr'>postris</span> 
     </span>
     <span class='ocr_line' id='line_1_6' title="bbox 94 880 1060 1025; baseline 0.002 -81"><span class='ocrx_word' id='word_1_36' title='bbox 94 880 322 1025; x_wconf 46' lang='lat' dir='ltr'>:tisepsquottpnt</span> <span class='ocrx_word' id='word_1_37' title='bbox 351 883 422 946; x_wconf 87' lang='lat' dir='ltr'>huic</span> <span class='ocrx_word' id='word_1_38' title='bbox 445 883 518 945; x_wconf 87' lang='lat' dir='ltr'>sciat</span> <span class='ocrx_word' id='word_1_39' title='bbox 538 882 645 965; x_wconf 85' lang='lat' dir='ltr'>aliquis</span> <span class='ocrx_word' id='word_1_40' title='bbox 667 881 780 960; x_wconf 81' lang='lat' dir='ltr'>incise,</span> <span class='ocrx_word' id='word_1_41' title='bbox 805 884 848 946; x_wconf 88' lang='lat' dir='ltr'>illi</span> <span class='ocrx_word' id='word_1_42' title='bbox 868 901 971 946; x_wconf 87' lang='lat' dir='ltr'>autem</span> <span class='ocrx_word' id='word_1_43' title='bbox 995 903 1060 946; x_wconf 93' lang='lat' dir='ltr'>non</span> 
     </span>
     <span class='ocr_line' id='line_1_7' title="bbox 94 982 386 1026; baseline 0 -2"><span class='ocrx_word' id='word_1_44' title='bbox 94 982 137 1024; x_wconf 83' lang='lat' dir='ltr'>tn</span> <span class='ocrx_word' id='word_1_45' title='bbox 186 982 204 1026; x_wconf 89' lang='lat' dir='ltr'>e</span> <span class='ocrx_word' id='word_1_46' title='bbox 264 986 274 1026; x_wconf 88' lang='lat' dir='ltr'>r</span> <span class='ocrx_word' id='word_1_47' title='bbox 315 983 386 1026; x_wconf 88' lang='lat' dir='ltr'>tarn.</span> 
     </span>
    </p>

    <p class='ocr_par' dir='ltr' id='par_1_4' title="bbox 94 984 1060 1209">
     <span class='ocr_line' id='line_1_8' title="bbox 149 984 1060 1123; baseline 0.001 -17"><span class='ocrx_word' id='word_1_48' title='bbox 149 984 366 1108; x_wconf 58' lang='lat' dir='ltr'>Scirgudiclitut</span> <span class='ocrx_word' id='word_1_49' title='bbox 382 1043 478 1106; x_wconf 83' lang='lat' dir='ltr'>tribus</span> <span class='ocrx_word' id='word_1_50' title='bbox 494 1043 611 1119; x_wconf 85' lang='lat' dir='ltr'>modis,</span> <span class='ocrx_word' id='word_1_51' title='bbox 631 1061 685 1108; x_wconf 87' lang='lat' dir='ltr'>aut</span> <span class='ocrx_word' id='word_1_52' title='bbox 701 1062 737 1108; x_wconf 90' lang='lat' dir='ltr'>ut</span> <span class='ocrx_word' id='word_1_53' title='bbox 757 1043 985 1123; x_wconf 86' lang='lat' dir='ltr'>universaliter,</span> <span class='ocrx_word' id='word_1_54' title='bbox 1005 1059 1060 1108; x_wconf 89' lang='lat' dir='ltr'>aut</span> 
     </span>
     <span class='ocr_line' id='line_1_9' title="bbox 94 1123 662 1209; baseline 0 -21"><span class='ocrx_word' id='word_1_55' title='bbox 94 1139 143 1188; x_wconf 84' lang='lat' dir='ltr'>ut</span> <span class='ocrx_word' id='word_1_56' title='bbox 165 1127 289 1209; x_wconf 87' lang='lat' dir='ltr'>proptia</span> <span class='ocrx_word' id='word_1_57' title='bbox 305 1125 447 1200; x_wconf 85' lang='lat' dir='ltr'>scientia,</span> <span class='ocrx_word' id='word_1_58' title='bbox 463 1141 517 1187; x_wconf 90' lang='lat' dir='ltr'>aut</span> <span class='ocrx_word' id='word_1_59' title='bbox 533 1141 568 1186; x_wconf 89' lang='lat' dir='ltr'>ut</span> <span class='ocrx_word' id='word_1_60' title='bbox 582 1123 662 1188; x_wconf 78' lang='lat' dir='ltr'>aiiu.</span> 
     </span>
    </p>
   </div>
   <div class='ocr_carea' id='block_1_3' title="bbox 157 1302 1010 1402">
    <p class='ocr_par' dir='ltr' id='par_1_5' title="bbox 157 1302 1010 1402">
     <span class='ocr_line' id='line_1_10' title="bbox 157 1302 1010 1402; baseline 0.005 -28"><span class='ocrx_word' id='word_1_61' title='bbox 157 1303 245 1398; x_wconf 87' lang='lat' dir='ltr'><strong>Cap.</strong></span> <span class='ocrx_word' id='word_1_62' title='bbox 268 1303 385 1375; x_wconf 87' lang='lat' dir='ltr'><strong>XXII.</strong></span> <span class='ocrx_word' id='word_1_63' title='bbox 404 1302 459 1376; x_wconf 83' lang='lat' dir='ltr'>De</span> <span class='ocrx_word' id='word_1_64' title='bbox 476 1306 721 1402; x_wconf 80' lang='lat' dir='ltr'>reciprocatione</span> <span class='ocrx_word' id='word_1_65' title='bbox 744 1309 949 1378; x_wconf 69' lang='lat' dir='ltr'>comiacrum</span> <span class='ocrx_word' id='word_1_66' title='bbox 975 1312 1010 1378; x_wconf 85' lang='lat' dir='ltr'>in</span> 
     </span>
    </p>
   </div>
   <div class='ocr_carea' id='block_1_4' title="bbox 448 1404 711 1499">
    <p class='ocr_par' dir='ltr' id='par_1_6' title="bbox 448 1404 711 1499">
     <span class='ocr_line' id='line_1_11' title="bbox 448 1404 711 1499; baseline 0 -29"><span class='ocrx_word' id='word_1_67' title='bbox 448 1404 559 1499; x_wconf 82' lang='lat' dir='ltr'>prima</span> <span class='ocrx_word' id='word_1_68' title='bbox 580 1407 711 1498; x_wconf 82' lang='lat' dir='ltr'>figura.</span> 
     </span>
    </p>
   </div>
   <div class='ocr_carea' id='block_1_5' title="bbox 102 1521 1080 1772">
    <p class='ocr_par' dir='ltr' id='par_1_7' title="bbox 102 1521 1080 1772">
     <span class='ocr_line' id='line_1_12' title="bbox 148 1521 1080 1611; baseline -0.003 -19"><span class='ocrx_word' id='word_1_69' title='bbox 148 1525 288 1608; x_wconf 82' lang='lat' dir='ltr'><strong>Quando</strong></span> <span class='ocrx_word' id='word_1_70' title='bbox 307 1527 536 1611; x_wconf 84' lang='lat' dir='ltr'>reciprocantur</span> <span class='ocrx_word' id='word_1_71' title='bbox 553 1528 691 1604; x_wconf 86' lang='lat' dir='ltr'>termini,</span> <span class='ocrx_word' id='word_1_72' title='bbox 712 1526 831 1602; x_wconf 78' lang='lat' dir='ltr'>neceiie</span> <span class='ocrx_word' id='word_1_73' title='bbox 851 1526 915 1605; x_wconf 84' lang='lat' dir='ltr'>est,</span> <span class='ocrx_word' id='word_1_74' title='bbox 936 1530 969 1593; x_wconf 78' lang='grc' dir='ltr'>δι</span> <span class='ocrx_word' id='word_1_75' title='bbox 991 1521 1080 1590; x_wconf 60' lang='lat' dir='ltr'>mei&#39;</span> 
     </span>
     <span class='ocr_line' id='line_1_13' title="bbox 102 1606 648 1689; baseline -0.004 -19"><span class='ocrx_word' id='word_1_76' title='bbox 102 1609 192 1672; x_wconf 87' lang='lat' dir='ltr'>dium</span> <span class='ocrx_word' id='word_1_77' title='bbox 209 1609 391 1689; x_wconf 86' lang='lat' dir='ltr'>reciprocari</span> <span class='ocrx_word' id='word_1_78' title='bbox 412 1627 482 1670; x_wconf 86' lang='lat' dir='ltr'>curn</span> <span class='ocrx_word' id='word_1_79' title='bbox 505 1606 584 1670; x_wconf 87' lang='lat' dir='ltr'>utris</span> <span class='ocrx_word' id='word_1_80' title='bbox 606 1617 648 1668; x_wconf 86' lang='lat' dir='ltr'>e.</span> 
     </span>
     <span class='ocr_line' id='line_1_14' title="bbox 148 1628 1059 1772; baseline 0.001 -22"><span class='ocrx_word' id='word_1_81' title='bbox 148 1689 179 1750; x_wconf 87' lang='lat' dir='ltr'>Si</span> <span class='ocrx_word' id='word_1_82' title='bbox 196 1707 328 1770; x_wconf 88' lang='lat' dir='ltr'>quatuor</span> <span class='ocrx_word' id='word_1_83' title='bbox 349 1690 470 1752; x_wconf 86' lang='lat' dir='ltr'>termini</span> <span class='ocrx_word' id='word_1_84' title='bbox 490 1689 533 1750; x_wconf 91' lang='lat' dir='ltr'>ita</span> <span class='ocrx_word' id='word_1_85' title='bbox 548 1628 648 1750; x_wconf 48' lang='lat' dir='ltr'>aienti</span> <span class='ocrx_word' id='word_1_86' title='bbox 665 1688 744 1765; x_wconf 78' lang='lat' dir='ltr'>sint,</span> <span class='ocrx_word' id='word_1_87' title='bbox 762 1705 799 1751; x_wconf 88' lang='lat' dir='ltr'>ut</span> <span class='ocrx_word' id='word_1_88' title='bbox 816 1691 930 1772; x_wconf 84' lang='lat' dir='ltr'>primus</span> <span class='ocrx_word' id='word_1_89' title='bbox 953 1691 986 1754; x_wconf 78' lang='grc' dir='ltr'>δι</span> <span class='ocrx_word' id='word_1_90' title='bbox 1008 1688 1059 1752; x_wconf 92' lang='lat' dir='ltr'>se·</span> 
     </span>
    </p>
   </div>
   <div class='ocr_carea' id='block_1_6' title="bbox 103 1768 1235 1852">
    <p class='ocr_par' dir='ltr' id='par_1_8' title="bbox 103 1768 1235 1852">
     <span class='ocr_line' id='line_1_15' title="bbox 103 1768 1235 1852; baseline -0.001 -20"><span class='ocrx_word' id='word_1_91' title='bbox 103 1770 226 1832; x_wconf 85' lang='lat' dir='ltr'>cundus</span> <span class='ocrx_word' id='word_1_92' title='bbox 244 1770 495 1852; x_wconf 88' lang='lat' dir='ltr'>reciprocentur,</span> <span class='ocrx_word' id='word_1_93' title='bbox 513 1771 648 1852; x_wconf 84' lang='lat' dir='ltr'>itemque</span> <span class='ocrx_word' id='word_1_94' title='bbox 672 1773 781 1833; x_wconf 81' lang='lat' dir='ltr'>tertius</span> <span class='ocrx_word' id='word_1_95' title='bbox 803 1771 835 1832; x_wconf 90' lang='lat'>&amp;</span> <span class='ocrx_word' id='word_1_96' title='bbox 859 1786 1002 1852; x_wconf 76' lang='lat' dir='ltr'>quernis,</span> <span class='ocrx_word' id='word_1_97' title='bbox 1024 1773 1058 1834; x_wconf 74' lang='grc' dir='ltr'>δι</span> <span class='ocrx_word' id='word_1_98' title='bbox 1097 1768 1098 1771; x_wconf 64' lang='grc'>’</span> <span class='ocrx_word' id='word_1_99' title='bbox 1222 1791 1235 1816; x_wconf 61' lang='lat' dir='ltr'>r</span> 
     </span>
    </p>
   </div>
   <div class='ocr_carea' id='block_1_7' title="bbox 102 1849 1060 2816">
    <p class='ocr_par' dir='ltr' id='par_1_9' title="bbox 102 1849 1060 2076">
     <span class='ocr_line' id='line_1_16' title="bbox 102 1849 1060 1935; baseline 0.001 -24"><span class='ocrx_word' id='word_1_100' title='bbox 102 1869 145 1912; x_wconf 83' lang='lat' dir='ltr'>ex</span> <span class='ocrx_word' id='word_1_101' title='bbox 159 1851 205 1912; x_wconf 90' lang='lat' dir='ltr'>his</span> <span class='ocrx_word' id='word_1_102' title='bbox 219 1852 333 1935; x_wconf 88' lang='lat' dir='ltr'>primus</span> <span class='ocrx_word' id='word_1_103' title='bbox 351 1851 384 1913; x_wconf 78' lang='grc' dir='ltr'>δι</span> <span class='ocrx_word' id='word_1_104' title='bbox 399 1851 509 1913; x_wconf 87' lang='lat' dir='ltr'>tertius</span> <span class='ocrx_word' id='word_1_105' title='bbox 528 1850 673 1914; x_wconf 81' lang='lat' dir='ltr'>alteruter</span> <span class='ocrx_word' id='word_1_106' title='bbox 688 1851 725 1912; x_wconf 91' lang='lat' dir='ltr'>de</span> <span class='ocrx_word' id='word_1_107' title='bbox 745 1849 901 1934; x_wconf 89' lang='lat' dir='ltr'>quolibet,</span> <span class='ocrx_word' id='word_1_108' title='bbox 922 1870 985 1913; x_wconf 93' lang='lat' dir='ltr'>non</span> <span class='ocrx_word' id='word_1_109' title='bbox 1000 1871 1060 1932; x_wconf 78' lang='lat' dir='ltr'>au·-</span> 
     </span>
     <span class='ocr_line' id='line_1_17' title="bbox 103 1929 1058 2014; baseline 0.005 -22"><span class='ocrx_word' id='word_1_110' title='bbox 103 1947 171 1994; x_wconf 88' lang='lat' dir='ltr'>rem</span> <span class='ocrx_word' id='word_1_111' title='bbox 191 1948 321 2014; x_wconf 87' lang='lat' dir='ltr'>uterque</span> <span class='ocrx_word' id='word_1_112' title='bbox 345 1932 384 1993; x_wconf 91' lang='lat' dir='ltr'>de</span> <span class='ocrx_word' id='word_1_113' title='bbox 406 1930 470 1994; x_wconf 88' lang='lat' dir='ltr'>ullo</span> <span class='ocrx_word' id='word_1_114' title='bbox 489 1929 576 1992; x_wconf 82' lang='lat' dir='ltr'>srmtti</span> <span class='ocrx_word' id='word_1_115' title='bbox 596 1950 690 1994; x_wconf 83' lang='lat' dir='ltr'>verus</span> <span class='ocrx_word' id='word_1_116' title='bbox 709 1929 766 2008; x_wconf 84' lang='lat' dir='ltr'>stt,</span> <span class='ocrx_word' id='word_1_117' title='bbox 792 1932 881 1994; x_wconf 87' lang='lat' dir='ltr'>etiarn</span> <span class='ocrx_word' id='word_1_118' title='bbox 907 1929 1058 1996; x_wconf 83' lang='lat' dir='ltr'>secundus</span> 
     </span>
     <span class='ocr_line' id='line_1_18' title="bbox 103 2009 779 2076; baseline -0.003 -2"><span class='ocrx_word' id='word_1_119' title='bbox 103 2013 140 2074; x_wconf 85' lang='lat'>&amp;</span> <span class='ocrx_word' id='word_1_120' title='bbox 177 2029 280 2076; x_wconf 86' lang='lat' dir='ltr'>uarrus</span> <span class='ocrx_word' id='word_1_121' title='bbox 297 2013 406 2074; x_wconf 86' lang='lat' dir='ltr'>eodem</span> <span class='ocrx_word' id='word_1_122' title='bbox 426 2011 520 2074; x_wconf 87' lang='lat' dir='ltr'>modo</span> <span class='ocrx_word' id='word_1_123' title='bbox 540 2009 601 2074; x_wconf 88' lang='lat' dir='ltr'>sese</span> <span class='ocrx_word' id='word_1_124' title='bbox 617 2011 779 2075; x_wconf 89' lang='lat' dir='ltr'>habebunt.</span> 
     </span>
    </p>

    <p class='ocr_par' dir='ltr' id='par_1_10' title="bbox 146 2033 1057 2177">
     <span class='ocr_line' id='line_1_19' title="bbox 146 2033 1057 2177; baseline 0.001 -23"><span class='ocrx_word' id='word_1_125' title='bbox 146 2033 180 2154; x_wconf 66' lang='lat' dir='ltr'>Sqr</span> <span class='ocrx_word' id='word_1_126' title='bbox 200 2111 278 2156; x_wconf 90' lang='lat' dir='ltr'>vero</span> <span class='ocrx_word' id='word_1_127' title='bbox 301 2095 416 2177; x_wconf 86' lang='lat' dir='ltr'>primus</span> <span class='ocrx_word' id='word_1_128' title='bbox 441 2093 474 2154; x_wconf 76' lang='grc' dir='ltr'>δι</span> <span class='ocrx_word' id='word_1_129' title='bbox 498 2090 646 2156; x_wconf 89' lang='lat' dir='ltr'>secundus</span> <span class='ocrx_word' id='word_1_130' title='bbox 663 2094 706 2155; x_wconf 91' lang='lat' dir='ltr'>ita</span> <span class='ocrx_word' id='word_1_131' title='bbox 728 2092 758 2155; x_wconf 92' lang='lat' dir='ltr'>se</span> <span class='ocrx_word' id='word_1_132' title='bbox 784 2092 934 2170; x_wconf 80' lang='lat' dir='ltr'>habeant,</span> <span class='ocrx_word' id='word_1_133' title='bbox 958 2110 994 2156; x_wconf 90' lang='lat' dir='ltr'>ut</span> <span class='ocrx_word' id='word_1_134' title='bbox 1017 2091 1057 2170; x_wconf 81' lang='lat' dir='ltr'>de</span> 
     </span>
    </p>

    <p class='ocr_par' dir='ltr' id='par_1_11' title="bbox 104 2171 1058 2752">
     <span class='ocr_line' id='line_1_20' title="bbox 105 2171 1058 2254; baseline 0.002 -20"><span class='ocrx_word' id='word_1_135' title='bbox 105 2173 241 2254; x_wconf 85' lang='lat' dir='ltr'>qualibet</span> <span class='ocrx_word' id='word_1_136' title='bbox 261 2191 294 2235; x_wconf 88' lang='lat' dir='ltr'>re</span> <span class='ocrx_word' id='word_1_137' title='bbox 310 2173 386 2236; x_wconf 86' lang='lat' dir='ltr'>aiter</span> <span class='ocrx_word' id='word_1_138' title='bbox 402 2173 523 2236; x_wconf 89' lang='lat' dir='ltr'>illorum</span> <span class='ocrx_word' id='word_1_139' title='bbox 544 2192 638 2237; x_wconf 86' lang='lat' dir='ltr'>verus</span> <span class='ocrx_word' id='word_1_140' title='bbox 653 2171 709 2250; x_wconf 85' lang='lat' dir='ltr'>fit,</span> <span class='ocrx_word' id='word_1_141' title='bbox 731 2192 793 2236; x_wconf 93' lang='lat' dir='ltr'>non</span> <span class='ocrx_word' id='word_1_142' title='bbox 812 2189 915 2236; x_wconf 89' lang='lat' dir='ltr'>autern</span> <span class='ocrx_word' id='word_1_143' title='bbox 937 2173 976 2234; x_wconf 90' lang='lat' dir='ltr'>de</span> <span class='ocrx_word' id='word_1_144' title='bbox 996 2175 1058 2236; x_wconf 88' lang='lat' dir='ltr'>ulla</span> 
     </span>
     <span class='ocr_line' id='line_1_21' title="bbox 105 2251 1057 2337; baseline 0.001 -22"><span class='ocrx_word' id='word_1_145' title='bbox 105 2272 141 2315; x_wconf 88' lang='lat' dir='ltr'>re</span> <span class='ocrx_word' id='word_1_146' title='bbox 156 2272 284 2337; x_wconf 85' lang='lat' dir='ltr'>uterque</span> <span class='ocrx_word' id='word_1_147' title='bbox 299 2253 402 2329; x_wconf 79' lang='lat' dir='ltr'>fimttl,</span> <span class='ocrx_word' id='word_1_148' title='bbox 416 2255 449 2316; x_wconf 87' lang='lat'>&amp;</span> <span class='ocrx_word' id='word_1_149' title='bbox 461 2255 569 2317; x_wconf 85' lang='lat' dir='ltr'>tertius</span> <span class='ocrx_word' id='word_1_150' title='bbox 581 2273 618 2316; x_wconf 91' lang='lat' dir='ltr'>ac</span> <span class='ocrx_word' id='word_1_151' title='bbox 632 2269 757 2337; x_wconf 83' lang='lat' dir='ltr'>quartus</span> <span class='ocrx_word' id='word_1_152' title='bbox 769 2254 878 2317; x_wconf 90' lang='lat' dir='ltr'>eodem</span> <span class='ocrx_word' id='word_1_153' title='bbox 891 2254 983 2317; x_wconf 85' lang='lat' dir='ltr'>modo</span> <span class='ocrx_word' id='word_1_154' title='bbox 994 2251 1057 2317; x_wconf 89' lang='lat' dir='ltr'>sese</span> 
     </span>
     <span class='ocr_line' id='line_1_22' title="bbox 105 2333 1055 2420; baseline 0.003 -25"><span class='ocrx_word' id='word_1_155' title='bbox 105 2333 283 2412; x_wconf 82' lang='lat' dir='ltr'>habuerint,</span> <span class='ocrx_word' id='word_1_156' title='bbox 293 2351 359 2398; x_wconf 88' lang='lat' dir='ltr'>tum</span> <span class='ocrx_word' id='word_1_157' title='bbox 373 2333 396 2396; x_wconf 86' lang='lat' dir='ltr'>sr</span> <span class='ocrx_word' id='word_1_158' title='bbox 409 2335 522 2418; x_wconf 85' lang='lat' dir='ltr'>primus</span> <span class='ocrx_word' id='word_1_159' title='bbox 540 2336 573 2397; x_wconf 75' lang='grc' dir='ltr'>δι</span> <span class='ocrx_word' id='word_1_160' title='bbox 589 2336 697 2398; x_wconf 88' lang='lat' dir='ltr'>tertius</span> <span class='ocrx_word' id='word_1_161' title='bbox 710 2337 950 2420; x_wconf 87' lang='lat' dir='ltr'>reciprocantur,</span> <span class='ocrx_word' id='word_1_162' title='bbox 964 2336 1055 2398; x_wconf 77' lang='lat' dir='ltr'>etiarn</span> 
     </span>
     <span class='ocr_line' id='line_1_23' title="bbox 104 2412 739 2499; baseline 0.006 -25"><span class='ocrx_word' id='word_1_163' title='bbox 104 2412 255 2479; x_wconf 86' lang='lat' dir='ltr'>secundus</span> <span class='ocrx_word' id='word_1_164' title='bbox 267 2435 303 2479; x_wconf 87' lang='lat' dir='ltr'>ac</span> <span class='ocrx_word' id='word_1_165' title='bbox 320 2432 445 2499; x_wconf 86' lang='lat' dir='ltr'>quartus</span> <span class='ocrx_word' id='word_1_166' title='bbox 461 2417 739 2499; x_wconf 88' lang='lat' dir='ltr'>reciprocabuntur.</span> 
     </span>
     <span class='ocr_line' id='line_1_24' title="bbox 146 2493 1055 2574; baseline 0.002 -16"><span class='ocrx_word' id='word_1_167' title='bbox 146 2496 178 2558; x_wconf 88' lang='lat' dir='ltr'>Si</span> <span class='ocrx_word' id='word_1_168' title='bbox 238 2497 267 2558; x_wconf 89' lang='lat' dir='ltr'>id</span> <span class='ocrx_word' id='word_1_169' title='bbox 284 2497 402 2558; x_wconf 87' lang='lat' dir='ltr'>dicatur</span> <span class='ocrx_word' id='word_1_170' title='bbox 417 2495 455 2557; x_wconf 83' lang='lat' dir='ltr'>de</span> <span class='ocrx_word' id='word_1_171' title='bbox 473 2497 594 2559; x_wconf 87' lang='lat' dir='ltr'>duobus</span> <span class='ocrx_word' id='word_1_172' title='bbox 609 2495 835 2574; x_wconf 87' lang='lat' dir='ltr'>universaliter,</span> <span class='ocrx_word' id='word_1_173' title='bbox 853 2498 885 2560; x_wconf 76' lang='grc' dir='ltr'>δι</span> <span class='ocrx_word' id='word_1_174' title='bbox 906 2497 944 2560; x_wconf 88' lang='lat' dir='ltr'>de</span> <span class='ocrx_word' id='word_1_175' title='bbox 964 2493 1055 2560; x_wconf 85' lang='lat' dir='ltr'>nullis</span> 
     </span>
     <span class='ocr_line' id='line_1_25' title="bbox 105 2516 1055 2659; baseline 0 -19"><span class='ocrx_word' id='word_1_176' title='bbox 105 2516 280 2652; x_wconf 51' lang='lat' dir='ltr'>aliisffi&#39;aec</span> <span class='ocrx_word' id='word_1_177' title='bbox 296 2595 376 2639; x_wconf 86' lang='lat' dir='ltr'>vero</span> <span class='ocrx_word' id='word_1_178' title='bbox 391 2578 454 2639; x_wconf 91' lang='lat' dir='ltr'>duo</span> <span class='ocrx_word' id='word_1_179' title='bbox 470 2579 714 2659; x_wconf 89' lang='lat' dir='ltr'>reciprocentur‚</span> <span class='ocrx_word' id='word_1_180' title='bbox 728 2575 846 2640; x_wconf 80' lang='lat' dir='ltr'>necesse</span> <span class='ocrx_word' id='word_1_181' title='bbox 858 2576 916 2654; x_wconf 83' lang='lat' dir='ltr'>eii,</span> <span class='ocrx_word' id='word_1_182' title='bbox 930 2579 1055 2640; x_wconf 87' lang='lat' dir='ltr'>tertium</span> 
     </span>
     <span class='ocr_line' id='line_1_26' title="bbox 106 2659 761 2752; baseline -0.003 -33"><span class='ocrx_word' id='word_1_183' title='bbox 106 2659 290 2752; x_wconf 87' lang='lat' dir='ltr'>reciprocari</span> <span class='ocrx_word' id='word_1_184' title='bbox 309 2676 380 2719; x_wconf 90' lang='lat' dir='ltr'>eum</span> <span class='ocrx_word' id='word_1_185' title='bbox 398 2674 540 2738; x_wconf 75' lang='lat' dir='ltr'>utroque.</span> <span class='ocrx_word' id='word_1_186' title='bbox 759 2719 761 2725; x_wconf 71' lang='grc'>,</span> 
     </span>
    </p>

    <p class='ocr_par' dir='ltr' id='par_1_12' title="bbox 148 2735 1056 2816">
     <span class='ocr_line' id='line_1_27' title="bbox 148 2735 1056 2816; baseline 0.004 -18"><span class='ocrx_word' id='word_1_187' title='bbox 148 2735 179 2798; x_wconf 82' lang='lat' dir='ltr'>St</span> <span class='ocrx_word' id='word_1_188' title='bbox 196 2738 260 2799; x_wconf 91' lang='lat' dir='ltr'>duo</span> <span class='ocrx_word' id='word_1_189' title='bbox 275 2737 414 2800; x_wconf 89' lang='lat' dir='ltr'>dieantur</span> <span class='ocrx_word' id='word_1_190' title='bbox 427 2736 466 2797; x_wconf 87' lang='lat' dir='ltr'>de</span> <span class='ocrx_word' id='word_1_191' title='bbox 477 2756 542 2800; x_wconf 93' lang='lat' dir='ltr'>uno</span> <span class='ocrx_word' id='word_1_192' title='bbox 556 2736 782 2816; x_wconf 87' lang='lat' dir='ltr'>universaliter,</span> <span class='ocrx_word' id='word_1_193' title='bbox 801 2739 884 2801; x_wconf 83' lang='lat' dir='ltr'>&amp;ex</span> <span class='ocrx_word' id='word_1_194' title='bbox 901 2737 947 2800; x_wconf 85' lang='lat' dir='ltr'>his</span> <span class='ocrx_word' id='word_1_195' title='bbox 959 2758 1056 2802; x_wconf 85' lang='lat' dir='ltr'>ununt</span> 
     </span>
    </p>
   </div>
   <div class='ocr_carea' id='block_1_8' title="bbox 107 2817 1053 2961">
    <p class='ocr_par' dir='ltr' id='par_1_13' title="bbox 107 2817 1053 2961">
     <span class='ocr_line' id='line_1_28' title="bbox 107 2817 1053 2961; baseline 0.003 -81"><span class='ocrx_word' id='word_1_196' title='bbox 107 2819 312 2900; x_wconf 86' lang='lat' dir='ltr'>praedicatum</span> <span class='ocrx_word' id='word_1_197' title='bbox 332 2837 402 2882; x_wconf 84' lang='lat' dir='ltr'>curn</span> <span class='ocrx_word' id='word_1_198' title='bbox 419 2817 553 2880; x_wconf 71' lang='lat' dir='ltr'>subieiio</span> <span class='ocrx_word' id='word_1_199' title='bbox 571 2821 795 2902; x_wconf 86' lang='lat' dir='ltr'>reciprocetur,</span> <span class='ocrx_word' id='word_1_200' title='bbox 813 2819 885 2882; x_wconf 86' lang='lat' dir='ltr'>iliud</span> <span class='ocrx_word' id='word_1_201' title='bbox 893 2821 1053 2961; x_wconf 80' lang='lat' dir='ltr'>praedica·</span> 
     </span>
    </p>
   </div>
   <div class='ocr_carea' id='block_1_9' title="bbox 107 2899 1052 3158">
    <p class='ocr_par' dir='ltr' id='par_1_14' title="bbox 107 2899 1052 3158">
     <span class='ocr_line' id='line_1_29' title="bbox 107 2899 1042 2983; baseline -0.002 -23"><span class='ocrx_word' id='word_1_202' title='bbox 107 2915 171 2960; x_wconf 87' lang='lat' dir='ltr'>turn</span> <span class='ocrx_word' id='word_1_203' title='bbox 193 2900 283 2961; x_wconf 86' lang='lat' dir='ltr'>etiam</span> <span class='ocrx_word' id='word_1_204' title='bbox 296 2899 333 2961; x_wconf 90' lang='lat' dir='ltr'>de</span> <span class='ocrx_word' id='word_1_205' title='bbox 345 2900 443 2962; x_wconf 81' lang='lat' dir='ltr'>altero</span> <span class='ocrx_word' id='word_1_206' title='bbox 459 2899 633 2983; x_wconf 86' lang='lat' dir='ltr'>praedicato</span> <span class='ocrx_word' id='word_1_207' title='bbox 654 2899 772 2963; x_wconf 89' lang='lat' dir='ltr'>dicetur</span> <span class='ocrx_word' id='word_1_208' title='bbox 782 2900 892 2964; x_wconf 88' lang='lat' dir='ltr'>univer</span> <span class='ocrx_word' id='word_1_209' title='bbox 904 2899 1001 2963; x_wconf 88' lang='lat' dir='ltr'>aliter.</span> <span class='ocrx_word' id='word_1_210' title='bbox 1040 2953 1042 2958; x_wconf 81' lang='grc'>,</span> 
     </span>
     <span class='ocr_line' id='line_1_30' title="bbox 146 2979 1052 3064; baseline 0.003 -24"><span class='ocrx_word' id='word_1_211' title='bbox 146 2979 250 3042; x_wconf 85' lang='lat' dir='ltr'>Minus</span> <span class='ocrx_word' id='word_1_212' title='bbox 263 2981 378 3045; x_wconf 87' lang='lat' dir='ltr'>bonurn</span> <span class='ocrx_word' id='word_1_213' title='bbox 391 2981 424 3043; x_wconf 73' lang='grc' dir='ltr'>δι</span> <span class='ocrx_word' id='word_1_214' title='bbox 436 2982 531 3044; x_wconf 84' lang='lat' dir='ltr'>maius</span> <span class='ocrx_word' id='word_1_215' title='bbox 546 2981 673 3058; x_wconf 86' lang='lat' dir='ltr'>malurn,</span> <span class='ocrx_word' id='word_1_216' title='bbox 688 2983 786 3044; x_wconf 88' lang='lat' dir='ltr'>minus</span> <span class='ocrx_word' id='word_1_217' title='bbox 802 2981 971 3064; x_wconf 86' lang='lat' dir='ltr'>eligendum</span> <span class='ocrx_word' id='word_1_218' title='bbox 988 2981 1052 3058; x_wconf 82' lang='lat' dir='ltr'>eii3</span> 
     </span>
     <span class='ocr_line' id='line_1_31' title="bbox 108 3059 991 3158; baseline 0.003 -36"><span class='ocrx_word' id='word_1_219' title='bbox 108 3061 201 3122; x_wconf 84' lang='lat' dir='ltr'>maius</span> <span class='ocrx_word' id='word_1_220' title='bbox 214 3061 327 3124; x_wconf 89' lang='lat' dir='ltr'>bonurn</span> <span class='ocrx_word' id='word_1_221' title='bbox 344 3062 377 3124; x_wconf 78' lang='grc' dir='ltr'>δι</span> <span class='ocrx_word' id='word_1_222' title='bbox 391 3063 489 3138; x_wconf 85' lang='lat' dir='ltr'>minus</span> <span class='ocrx_word' id='word_1_223' title='bbox 502 3059 631 3138; x_wconf 86' lang='lat' dir='ltr'>malum,</span> <span class='ocrx_word' id='word_1_224' title='bbox 645 3064 740 3126; x_wconf 85' lang='lat' dir='ltr'>maius</span> <span class='ocrx_word' id='word_1_225' title='bbox 760 3063 928 3158; x_wconf 80' lang='lat' dir='ltr'>eligendum</span> <span class='ocrx_word' id='word_1_226' title='bbox 940 3061 991 3125; x_wconf 78' lang='lat' dir='ltr'>est</span> 
     </span>
    </p>
   </div>
   <div class='ocr_carea' id='block_1_10' title="bbox 146 3141 1159 3226">
    <p class='ocr_par' dir='ltr' id='par_1_15' title="bbox 146 3141 1159 3226">
     <span class='ocr_line' id='line_1_32' title="bbox 146 3141 1159 3226; baseline 0.005 -24"><span class='ocrx_word' id='word_1_227' title='bbox 146 3141 176 3203; x_wconf 88' lang='lat' dir='ltr'>Si</span> <span class='ocrx_word' id='word_1_228' title='bbox 192 3141 275 3223; x_wconf 88' lang='lat' dir='ltr'>quod</span> <span class='ocrx_word' id='word_1_229' title='bbox 293 3142 408 3204; x_wconf 89' lang='lat' dir='ltr'>bonum</span> <span class='ocrx_word' id='word_1_230' title='bbox 423 3141 617 3206; x_wconf 68' lang='lat' dir='ltr'>coniunctum</span> <span class='ocrx_word' id='word_1_231' title='bbox 637 3163 707 3206; x_wconf 89' lang='lat' dir='ltr'>cum</span> <span class='ocrx_word' id='word_1_232' title='bbox 723 3144 847 3207; x_wconf 77' lang='lat' dir='ltr'>alterius</span> <span class='ocrx_word' id='word_1_233' title='bbox 865 3143 937 3204; x_wconf 93' lang='lat' dir='ltr'>boni</span> <span class='ocrx_word' id='word_1_234' title='bbox 952 3161 1052 3226; x_wconf 87' lang='lat' dir='ltr'>oppo-</span> <span class='ocrx_word' id='word_1_235' title='bbox 1156 3161 1159 3172; x_wconf 88' lang='lat'>&#39;</span> 
     </span>
    </p>
   </div>
   <div class='ocr_carea' id='block_1_11' title="bbox 107 3219 1084 3468">
    <p class='ocr_par' dir='ltr' id='par_1_16' title="bbox 107 3219 1084 3468">
     <span class='ocr_line' id='line_1_33' title="bbox 107 3219 1052 3306; baseline 0.004 -24"><span class='ocrx_word' id='word_1_236' title='bbox 107 3219 163 3285; x_wconf 87' lang='lat' dir='ltr'>srto</span> <span class='ocrx_word' id='word_1_237' title='bbox 186 3223 266 3286; x_wconf 89' lang='lat' dir='ltr'>tnalo</span> <span class='ocrx_word' id='word_1_238' title='bbox 293 3226 385 3306; x_wconf 82' lang='lat' dir='ltr'>tnagis</span> <span class='ocrx_word' id='word_1_239' title='bbox 405 3223 572 3305; x_wconf 81' lang='lat' dir='ltr'>eligendum</span> <span class='ocrx_word' id='word_1_240' title='bbox 599 3222 657 3300; x_wconf 83' lang='lat' dir='ltr'>est,</span> <span class='ocrx_word' id='word_1_241' title='bbox 674 3245 764 3305; x_wconf 89' lang='lat' dir='ltr'>quarn</span> <span class='ocrx_word' id='word_1_242' title='bbox 788 3225 916 3286; x_wconf 88' lang='lat' dir='ltr'>alterum</span> <span class='ocrx_word' id='word_1_243' title='bbox 936 3222 1052 3286; x_wconf 80' lang='lat' dir='ltr'>honuni</span> 
     </span>
     <span class='ocr_line' id='line_1_34' title="bbox 109 3303 1052 3389; baseline 0.005 -26"><span class='ocrx_word' id='word_1_244' title='bbox 109 3303 298 3367; x_wconf 69' lang='lat' dir='ltr'>coniuniiurn</span> <span class='ocrx_word' id='word_1_245' title='bbox 314 3321 383 3367; x_wconf 80' lang='lat' dir='ltr'>cunt</span> <span class='ocrx_word' id='word_1_246' title='bbox 401 3307 511 3386; x_wconf 86' lang='lat' dir='ltr'>prioris</span> <span class='ocrx_word' id='word_1_247' title='bbox 529 3304 602 3366; x_wconf 91' lang='lat' dir='ltr'>boni</span> <span class='ocrx_word' id='word_1_248' title='bbox 618 3304 759 3389; x_wconf 75' lang='lat' dir='ltr'>opposito</span> <span class='ocrx_word' id='word_1_249' title='bbox 776 3304 872 3382; x_wconf 87' lang='lat' dir='ltr'>ntalo,</span> <span class='ocrx_word' id='word_1_250' title='bbox 889 3306 1052 3388; x_wconf 73' lang='lat' dir='ltr'>comptius</span> 
     </span>
     <span class='ocr_line' id='line_1_35' title="bbox 108 3383 1084 3468; baseline 0.004 -24"><span class='ocrx_word' id='word_1_251' title='bbox 108 3383 219 3448; x_wconf 87' lang='lat' dir='ltr'>bonum</span> <span class='ocrx_word' id='word_1_252' title='bbox 231 3387 325 3468; x_wconf 82' lang='lat' dir='ltr'>magis</span> <span class='ocrx_word' id='word_1_253' title='bbox 345 3385 388 3446; x_wconf 76' lang='lat' dir='ltr'>eii</span> <span class='ocrx_word' id='word_1_254' title='bbox 406 3385 585 3468; x_wconf 83' lang='lat' dir='ltr'>eligendum.</span> <span class='ocrx_word' id='word_1_255' title='bbox 1080 3387 1084 3398; x_wconf 92' lang='grc'><strong>’</strong></span> 
     </span>
    </p>
   </div>
   <div class='ocr_carea' id='block_1_12' title="bbox 309 3563 842 3657">
    <p class='ocr_par' dir='ltr' id='par_1_17' title="bbox 309 3513 842 3657">
     <span class='ocr_line' id='line_1_36' title="bbox 309 3563 842 3657; baseline 0 -23"><span class='ocrx_word' id='word_1_256' title='bbox 309 3563 393 3657; x_wconf 90' lang='lat' dir='ltr'>Cap.</span> <span class='ocrx_word' id='word_1_257' title='bbox 417 3563 549 3635; x_wconf 83' lang='lat' dir='ltr'>XXIII.</span> <span class='ocrx_word' id='word_1_258' title='bbox 575 3564 629 3635; x_wconf 91' lang='lat' dir='ltr'>De</span> <span class='ocrx_word' id='word_1_259' title='bbox 652 3567 842 3636; x_wconf 65' lang='lat' dir='ltr'>induciione.</span> 
     </span>
    </p>
   </div>
   <div class='ocr_carea' id='block_1_13' title="bbox 110 3693 1052 3944">
    <p class='ocr_par' dir='ltr' id='par_1_18' title="bbox 110 3693 1052 3944">
     <span class='ocr_line' id='line_1_37' title="bbox 145 3693 1052 3781; baseline 0.002 -26"><span class='ocrx_word' id='word_1_260' title='bbox 145 3693 215 3758; x_wconf 90' lang='lat' dir='ltr'>Non</span> <span class='ocrx_word' id='word_1_261' title='bbox 229 3693 323 3757; x_wconf 89' lang='lat' dir='ltr'>modo</span> <span class='ocrx_word' id='word_1_262' title='bbox 340 3695 486 3759; x_wconf 70' lang='lat' dir='ltr'>dialectici</span> <span class='ocrx_word' id='word_1_263' title='bbox 502 3698 536 3759; x_wconf 87' lang='lat'>&amp;</span> <span class='ocrx_word' id='word_1_264' title='bbox 553 3695 713 3780; x_wconf 74' lang='lat' dir='ltr'>apodiffici</span> <span class='ocrx_word' id='word_1_265' title='bbox 725 3696 886 3780; x_wconf 74' lang='lat' dir='ltr'>syllogismi</span> <span class='ocrx_word' id='word_1_266' title='bbox 895 3713 950 3781; x_wconf 87' lang='lat' dir='ltr'>per</span> <span class='ocrx_word' id='word_1_267' title='bbox 960 3704 1052 3758; x_wconf 81' lang='lat' dir='ltr'>ante-¹</span> 
     </span>
     <span class='ocr_line' id='line_1_38' title="bbox 110 3773 1049 3870; baseline 0.005 -37"><span class='ocrx_word' id='word_1_268' title='bbox 110 3773 197 3836; x_wconf 74' lang='lat' dir='ltr'>diiias</span> <span class='ocrx_word' id='word_1_269' title='bbox 210 3775 321 3870; x_wconf 73' lang='lat' dir='ltr'>figuras</span> <span class='ocrx_word' id='word_1_270' title='bbox 333 3775 429 3853; x_wconf 86' lang='lat' dir='ltr'>fiunt,</span> <span class='ocrx_word' id='word_1_271' title='bbox 446 3777 544 3840; x_wconf 82' lang='lat' dir='ltr'>sed&amp;</span> <span class='ocrx_word' id='word_1_272' title='bbox 563 3779 694 3851; x_wconf 71' lang='lat' dir='ltr'>rhetorici,</span> <span class='ocrx_word' id='word_1_273' title='bbox 715 3779 748 3841; x_wconf 73' lang='lat' dir='ltr'>bt</span> <span class='ocrx_word' id='word_1_274' title='bbox 765 3777 935 3863; x_wconf 73' lang='lat' dir='ltr'>simpliciter</span> <span class='ocrx_word' id='word_1_275' title='bbox 951 3793 1049 3858; x_wconf 84' lang='lat' dir='ltr'>quae-</span> 
     </span>
     <span class='ocr_line' id='line_1_39' title="bbox 111 3856 710 3944; baseline 0.013 -28"><span class='ocrx_word' id='word_1_276' title='bbox 111 3871 226 3936; x_wconf 90' lang='lat' dir='ltr'>cunque</span> <span class='ocrx_word' id='word_1_277' title='bbox 241 3874 273 3917; x_wconf 88' lang='lat' dir='ltr'>rn</span> <span class='ocrx_word' id='word_1_278' title='bbox 290 3859 398 3938; x_wconf 76' lang='lat' dir='ltr'>quavis</span> <span class='ocrx_word' id='word_1_279' title='bbox 416 3856 540 3921; x_wconf 87' lang='lat' dir='ltr'>scientia</span> <span class='ocrx_word' id='word_1_280' title='bbox 558 3859 710 3944; x_wconf 89' lang='lat' dir='ltr'>probatio.</span> 
     </span>
    </p>
   </div>
   <div class='ocr_carea' id='block_1_14' title="bbox 0 0 1422 5030">
    <p class='ocr_par' dir='ltr' id='par_1_19' title="bbox 0 0 1422 5030">
     <span class='ocr_line' id='line_1_40' title="bbox 0 0 1422 5030; baseline 0 0"><span class='ocrx_word' id='word_1_281' title='bbox 0 0 1422 5030; x_wconf 95' lang='lat' dir='ltr'> </span> 
     </span>
    </p>
   </div>
  </div>
 </body>
</html>
