2862 5032
265 405 928 488 ANALYTICORUM.
1025 405 1082 509 89⁸

125 693 129 700 ,
163 592 174 612 ⁴
224 611 311 708 Cap.
332 611 376 684 V.
397 611 451 682 Dc
460 610 659 709 syllogismis
666 595 804 705 figurae
812 607 984 700 secundae.

165 773 309 856 Quando
328 793 422 838 unum
441 775 475 837 dc
498 753 578 836 idem
599 771 671 835 huic
697 770 819 853 quidem
840 771 943 845 omni,
958 768 1000 834 illi
1020 789 1078 834 au·-

114 870 193 928 tem
211 855 305 932 nulli,
323 871 377 918 aur
389 852 524 936 utrisque
540 855 624 917 omni
639 869 693 924 aut
710 851 784 922 nulli
801 850 895 928 inest,
905 851 980 916 haec
996 851 1078 936 figu-

114 955 157 1002 ra
180 935 293 1000 dicitur
308 933 514 998 SECUNDA.

164 1017 279 1078 Medius
302 1016 334 1077 in
354 1016 405 1078 illa
424 1015 521 1098 figura
542 1013 668 1090 dicitur,
686 1013 739 1096 qui
759 1011 797 1074 de
816 1028 950 1096 utroque
971 1015 1080 1077 termi-

116 1117 179 1193 no·
197 1097 409 1192 praedicatum
430 1115 543 1192 femma
569 1111 678 1191 autem·
701 1095 842 1158 dicuntur
869 1096 1014 1172 termini,
1040 1095 1080 1160 do

113 1177 325 1402 dffbplrsodlilds
336 1175 1082 1338 ppapdpncipppgupcmmmpqulgdqpossenppg

195 1356 352 1402 remotius.

117 1359 140 1406 c
167 1421 294 1483 Medius
313 1419 360 1482 hic
377 1417 547 1490 collocatur
564 1435 639 1480 extra
668 1431 822 1493 extremm
843 1417 957 1500 primus
979 1436 1083 1485 autem

119 1499 172 1565 est
195 1501 409 1564 collocatione.
479 1565 482 1573 ,

166 1581 326 1644 Perfectus
346 1578 483 1654 inhaesi
578 1577 679 1644 nullus
696 1577 733 1640 sit
750 1575 949 1664 syllogismus.

166 1661 331 1726 Possumus
355 1663 387 1724 ln
407 1661 465 1723 hac
485 1599 585 1744 mm
612 1659 754 1743 colligere
771 1677 836 1722 tum
857 1658 1083 1739 tmiversalem,

122 1759 198 1809 tum
219 1742 441 1827 particularem.

168 1823 312 1906 Quando
327 1825 424 1885 maior
442 1820 536 1886 fuerit
552 1820 749 1897 universalis,
769 1819 956 1906 particularis
979 1839 1081 1886 autem

122 1907 254 1982 minor,
275 1906 308 1968 dt
335 1902 568 1999 contradidioria
591 1901 956 1999 propositionumlforma
1006 1907 1026 1966 i.
1054 1925 1084 1976 e.

124 1989 229 2083 altera
248 1984 450 2065 affirmativa,
472 1984 567 2046 altera
587 1983 752 2068 negarim)
773 1982 884 2060 luent,
909 2001 967 2046 ent
1000 1985 1083 2065 yllo-
1127 2052 1130 2068 ‚

123 2065 446 2242 glsgdupsropolitlones
463 2147 553 2210 unlus
570 2145 684 2208 fuerint
704 2145 875 2240 qualitatis,
892 2146 913 2206 i.
937 2165 962 2208 e.
984 2162 1087 2209 utrae-

128 2247 198 2312 que
211 2227 424 2304 affirmativae,
440 2244 494 2290 aut
511 2245 659 2310 utraeque
675 2243 855 2310 negativae,
876 2245 939 2289 non
953 2227 1010 2288 erit
1026 2226 1087 2309 syl·¹
1176 2266 1181 2274 ·

196 2309 370 2487 §lddsgdsmus
388 2391 586 2454 affirmativus
604 2391 637 2452 in
657 2389 715 2452 hac
731 2387 829 2473 ligura
846 2389 946 2453 nullus
961 2388 1008 2452 fit.
1026 2463 1030 2471 ‚

234 2605 319 2702 Cap.
340 2608 401 2678 Vl.
421 2609 474 2682 De
489 2610 689 2707 syllogismis
710 2615 825 2684 tertiae
835 2619 984 2710 figurae.

178 2771 317 2854 Quando
340 2773 394 2835 uni
411 2771 444 2834 dt
463 2771 562 2834 eidem
586 2769 645 2832 hoc
670 2771 792 2853 quidem
812 2772 916 2847 omni,
938 2769 1010 2834 illud
1030 2789 1092 2833 au-

133 2871 201 2918 tem
217 2855 290 2917 nulli
306 2851 467 2929 inell,aut
479 2869 608 2935 utraque
621 2853 705 2922 omni
721 2869 774 2917 aut
786 2852 882 2930 nulli,
901 2851 998 2936 figura
1012 2851 1088 2918 haec

135 2936 250 2998 dicitur
267 2931 436 2998 TERTIA.

177 3015 333 3078 Persedluc
348 3013 403 3095 syll
446 3008 537 3078 'smus
556 3015 663 3077 necin
683 3014 739 3086 hac
753 3013 850 3098 figura
868 3014 916 3078 tir.

175 3095 379 3162 Perficiuntur
401 3094 435 3177 sy
457 3094 563 3192 oglsmi
590 3095 680 3158 huius
702 3095 817 3178 figurae
842 3100 932 3158 etiam
975 3114 1009 3158 er
1029 3097 1095 3159 ima

133 3175 273 3264 poffibile
286 3179 418 3260 (praeter
433 3178 737 3261 reciprocationem),
749 3177 782 3240 δι
797 3195 852 3260 per
861 3195 942 3262 expo
966 3179 1090 3240 tionem.

177 3258 302 3320 Minore
321 3257 463 3342 negativi
483 3259 514 3319 in
532 3255 623 3319 hacfi
715 3257 788 3319 nihil
808 3257 951 3340 sequitur.

178 3338 365 3412 Universalis
384 3337 539 3412 concludo
553 3357 607 3422 per
683 3357 700 3401 c
720 3337 847 3426 figuram
866 3355 930 3402 non
949 3336 1092 3408 infertur.

191 3509 201 3586 χ’
280 3543 363 3636 Cap.
378 3541 453 3614 Vll.
473 3524 528 3614 De
547 3543 648 3612 tribur
660 3545 788 3640 figuris
811 3545 948 3612 omnino.

178 3681 216 3745 ln
241 3682 382 3746 omnibus
402 3681 526 3766 figuris,
553 3682 676 3766 quando
694 3681 883 3766 syllogismus
900 3699 963 3746 non
983 3681 1018 3745 lit
1038 3682 1092 3746 seu

137 3762 355 3838 affirmativus,
374 3761 428 3826 seu
445 3766 623 3848 negativus,
643 3766 677 3829 dc
689 3763 885 3848 parricrdatea
899 3762 966 3830 sunt
980 3781 1091 3848 propo·¹

137 3839 280 3919 firtones,
296 3843 685 3930 nullaestconsequeutiae
700 3843 863 3920 necesitas.
1004 3887 1008 3893 ·
1038 3889 1043 3896 ·
