2856 5024
356 345 823 424 PRAE'FATro
903 381 906 389 ⁴
1008 365 1067 424 xv

138 520 208 592 'ore
231 517 419 591 mendis&
438 516 646 616 corruptelis
666 515 815 594 scarent;
837 518 874 587 in
891 515 994 588 iibro
1007 535 1070 586 eo·

120 641 159 688 ru
220 615 376 687 secundo
400 616 533 712 integra
550 616 664 708 capita
683 615 884 708 transpofita
905 613 1069 686 &luxata

122 715 222 802 sunt,
236 739 302 786 nec
318 715 359 784 lis
380 714 613 806 interpretum
627 763 637 798 ‚
651 729 772 781 utrum
794 727 900 806 caput
920 712 1070 804 aliquod

120 813 232 899 hunc,
254 813 423 882 analium
448 811 570 880 locum
592 809 754 880 obtinere
775 827 957 906 oporteat,
971 810 1071 880 facile

120 908 314 982 dirimenda
335 909 391 978 est.

192 1006 386 1112 Quidquid
408 1004 576 1096 consequi
589 1005 710 1096 potui,
725 1020 768 1075 ut
783 1019 923 1082 textum
943 1005 987 1076 ad
1000 1007 1074 1102 prin

120 1103 241 1175 dinam
268 1103 504 1200 integritatem
528 1103 748 1199 redigerem,
773 1119 813 1172 ut
834 1103 971 1174 sensum
994 1129 1071 1174 ma·

120 1203 167 1300 gis
182 1201 407 1300 perspicuum
417 1197 601 1288 redderem
611 1252 619 1286 ,
631 1200 669 1268 id
685 1225 704 1270 a
717 1223 776 1268 me
788 1200 993 1293 usurpatum
1009 1201 1067 1272 est.

119 1301 311 1371 Enucleavi
325 1300 447 1390 itaquo
459 1313 710 1392 argumentum
723 1297 991 1392 Analyticorum
1004 1323 1070 1391 po·

121 1397 286 1466 tiffimnm
303 1397 369 1480 ita,
384 1413 443 1480 ut,
458 1394 482 1463 fi
501 1392 647 1486 quando
663 1419 780 1466 rerum
798 1393 918 1464 seriem
935 1396 972 1464 in
991 1413 1070 1464 tex·-

120 1510 160 1564 tu
185 1497 286 1587 (nam
305 1493 376 1563 fine
399 1492 468 1562 hoc
489 1510 741 1590 argumentum
766 1493 834 1588 legi
851 1493 986 1589 nolim)
1009 1493 1071 1562 de-
1180 1529 1185 1540 ,

119 1591 270 1662 fiderent
294 1585 467 1676 leiiores,
491 1607 576 1674 aut,
598 1589 688 1680 quid
720 1587 862 1658 tandem
890 1586 954 1658 fibi
981 1591 1069 1660 velit

119 1687 370 1781 philosophus,
390 1711 466 1756 non
487 1685 645 1779 capient,
660 1687 812 1757 habeant
830 1687 925 1778 quasr
945 1688 1068 1774 filum,

120 1807 193 1876 quo
211 1785 302 1855 duce
321 1785 469 1870 reverti,
489 1802 550 1854 aut
564 1783 601 1853 in
615 1801 745 1876 coepto
767 1785 906 1854 tramite
924 1808 1070 1881 pergere

119 1881 257 1981 poffint.
282 1881 537 1952 constitueram
559 1881 657 1974 apud
678 1881 859 1967 animum,
881 1900 1067 1974 praecepta

120 1978 311 2050 Aristotelis
329 1978 441 2075 logica
456 1978 574 2048 severo
596 1977 741 2063 ordine,
760 1976 975 2048 &continua
992 2004 1070 2048 ora-

119 2075 219 2149 tione
250 2075 441 2150 declarare:
480 2095 605 2144 verum
622 2075 800 2150 ¹videbam
827 2099 940 2164 mox,
966 2099 1068 2172 argu-
1113 2125 1118 2134 ·

119 2191 282 2244 mentum
298 2173 471 2241 librorum
488 2187 567 2241 tum
595 2171 673 2264 ipsis
692 2173 786 2242 libris
809 2173 948 2268 longius
970 2170 1073 2260 fore,

119 2293 203 2339 cum
230 2267 354 2338 affertis
374 2270 536 2362 exempla
559 2268 723 2340 addenda
744 2267 868 2345 essentr
891 2270 1069 2360 quamob-

120 2391 197 2436 rem
215 2367 352 2458 optime
372 2391 446 2436 rem
465 2392 484 2436 a
501 2390 561 2435 me
578 2365 735 2458 expediri
755 2383 847 2435 ratur
866 2366 999 2452 sum,sr
1022 2391 1068 2437 ex

120 2463 260 2560 singulis
277 2463 450 2554 capitibus
470 2461 587 2532 efferta
606 2464 811 2557 praecipua,
833 2464 1067 2554 quemadmo·

120 2559 209 2629 dum
226 2561 294 2629 iam
309 2551 496 2630 Hildenids
515 2559 617 2645 fecit,
634 2583 882 2654 congererem,
897 2562 1015 2653 paucis
1029 2564 1066 2630 in

118 2655 323 2728 universum
346 2657 391 2726 de
412 2657 584 2748 cuiusque
608 2657 687 2725 libri
708 2657 855 2742 indole,
878 2657 967 2743 fine,
985 2683 1067 2751 pre-

119 2753 191 2838 tio,
211 2751 244 2824 ic
265 2751 458 2825 finceritate
477 2754 669 2847 praemissu.
691 2753 732 2822 In
751 2753 908 2825 versione
922 2755 1066 2842 latina,

119 2870 299 2943 quantum
321 2851 443 2937 licuit,
463 2870 506 2923 ut
528 2852 598 2944 ipsa
617 2851 804 2921 Aristotelis
820 2853 928 2922 verba
949 2855 1066 2946 expri-

119 2973 276 3034 merem,
295 2949 505 3026 allaboravi;
534 2949 663 3020 inserui
682 2969 803 3018 autem
819 2949 961 3040 paihm,
975 2967 1067 3042 quae

120 3044 159 3113 in
178 3063 279 3116 textu
289 3045 423 3141 Graeco
444 3046 622 3118 brevitatis
638 3045 752 3115 studio
764 3070 837 3115 non
852 3047 978 3117 adiecit
990 3049 1069 3142 phi·

118 3141 303 3234 Iosephus,
324 3143 421 3233 quae'
435 3159 555 3212 tamen
565 3171 569 3176 ¹·
581 3141 714 3212 neceffe
735 3159 806 3212 erat
832 3143 1003 3236 suppleri,
1026 3166 1068 3217 ut

118 3255 278 3310 mentem
299 3240 372 3326 eius
392 3235 485 3310 reiie
506 3241 661 3336 legenter
678 3241 908 3333 perciperent.
934 3241 1030 3313 Haec
1047 3269 1068 3314 a

117 3359 179 3404 me
192 3336 339 3406 vernoni
353 3338 477 3407 inserta
492 3354 572 3406 turn
589 3338 725 3407 uncinis
742 3337 846 3406 huius
865 3340 993 3436 figurae
1007 3342 1065 3439 (),

75 3489 77 3492 .
117 3447 200 3502 tum
225 3434 357 3518 literis,
382 3459 469 3525 quas
493 3452 644 3519 vocant,
672 3433 828 3510 curfivis;
856 3434 1066 3528 interpolata

116 3547 243 3600 contra
262 3557 281 3600 a
301 3531 444 3600 librariis
463 3531 598 3603 uncinis
617 3531 819 3604 huiusmodi
839 3529 888 3630 []
908 3531 1065 3606 distinete

94 3627 206 3722 'sunt
232 3626 397 3698 Omnino
420 3645 541 3700 autern
564 3653 707 3722 operam
734 3628 838 3714 dedi,
862 3647 901 3699 ut
923 3651 1064 3704 textum

83 3779 92 3790 .
114 3723 323 3797 exhiberem
345 3721 566 3816 remedium,
590 3725 621 3796 8c
643 3725 782 3799 meliori
804 3726 1063 3820 interpurrdiio-
